@inproceedings{Louvet17,
	author = "J-B. Louvet and G. {Dubuisson Duplessis} and N.Chaignaud and L. and J-P. Kotowicz",
	booktitle = "nternational Conference on Knowledge-Based and Intelligent Information and Engineering Systems",
	doi = "10.1016/j.procs.2017.08.218",
	issn = "1877-0509",
	pages = "377--386",
	title = "Modeling a collaborative task with social commitments",
	year = "2017"
}

@article{martin2003design,
  title={Design of a production system: an application of integration product-process},
  author={Martin, Patrick and D'Acunto, Alain},
  journal={International Journal of Computer Integrated Manufacturing},
  volume={16},
  number={7-8},
  pages={509--516},
  year={2003},
  publisher={Taylor \& Francis}
}

@article{wu2017towards,
  title={Towards a semantic web of things: a hybrid semantic annotation, extraction, and reasoning framework for cyber-physical system},
  author={Wu, Zhenyu and Xu, Yuan and Yang, Yunong and Zhang, Chunhong and Zhu, Xinning and Ji, Yang},
  journal={Sensors},
  volume={17},
  number={2},
  pages={403},
  year={2017},
  publisher={Multidisciplinary Digital Publishing Institute}
}

@inproceedings{vegetti2005product,
  title={Product ontology: definition of an ontology for the complex product modelling domain},
  author={Vegetti, Marcela and Henning, Gabriela P and Leone, Horacio P},
  booktitle={Proceedings of the Mercosur Congress on Process Systems Engineering},
  year={2005}
}

@article{panetto2012onto,
  title={ONTO-PDM: Product-driven ONTOlogy for Product Data Management interoperability within manufacturing process environment},
  author={Panetto, Herv{\'e} and Dassisti, Michele and Tursi, Angela},
  journal={Advanced Engineering Informatics},
  volume={26},
  number={2},
  pages={334--348},
  year={2012},
  publisher={Elsevier}
}

@article{patil2005ontology,
  title={Ontology-based exchange of product data semantics},
  author={Patil, Lalit and Dutta, Debasish and Sriram, Ram},
  journal={IEEE Transactions on automation science and engineering},
  volume={2},
  number={3},
  pages={213--225},
  year={2005},
  publisher={IEEE}
}

@article{gruninger2003process,
  title={The process specification language (PSL) theory and applications},
  author={Gruninger, Michael and Menzel, Christopher},
  journal={AI magazine},
  volume={24},
  number={3},
  pages={63--63},
  year={2003}
}

@article{hobbs2006time,
  title={Time ontology in OWL},
  author={Hobbs, Jerry R and Pan, Feng},
  journal={W3C working draft},
  volume={27},
  pages={133},
  year={2006}
}

@inproceedings{proctor2011drools,
  title={Drools: a rule engine for complex event processing},
  author={Proctor, Mark},
  booktitle={International Symposium on Applications of Graph Transformations with Industrial Relevance},
  pages={2--2},
  year={2011},
  organization={Springer}
}

@article{o2005writing,
  title={Writing rules for the semantic web using SWRL and Jess},
  author={O’connor, Martin and Knublauch, Holger and Tu, Samson and Musen, Mark},
  journal={Prot{\'e}g{\'e} With Rules WS, Madrid},
  year={2005}
}

@article{horridge2011owl,
  title={The owl api: A java api for owl ontologies},
  author={Horridge, Matthew and Bechhofer, Sean},
  journal={Semantic web},
  volume={2},
  number={1},
  pages={11--21},
  year={2011},
  publisher={IOS Press}
}

@inproceedings{noy2003protege,
  title={Prot{\'e}g{\'e}-2000: an open-source ontology-development and knowledge-acquisition environment.},
  author={Noy, Natalya Fridman and Crub{\'e}zy, Monica and Fergerson, Ray W and Knublauch, Holger and Tu, Samson W and Vendetti, Jennifer and Musen, Mark A},
  booktitle={AMIA... Annual Symposium proceedings. AMIA Symposium},
  volume={2003},
  pages={953--953},
  year={2003},
  organization={American Medical Informatics Association}
}

@misc{mccann2008secom,
  title={Secom Dataset, UCI Machine Learning Repository},
  author={McCann, M and Johnston, A},
  year={2008}
}

@article{compton2012ssn,
  title={The SSN ontology of the W3C semantic sensor network incubator group},
  author={Compton, Michael and Barnaghi, Payam and Bermudez, Luis and Garc{\'\i}A-Castro, Ra{\'u}L and Corcho, Oscar and Cox, Simon and Graybeal, John and Hauswirth, Manfred and Henson, Cory and Herzog, Arthur and others},
  journal={Web semantics: science, services and agents on the World Wide Web},
  volume={17},
  pages={25--32},
  year={2012},
  publisher={Elsevier}
}

@article{lu2013ontology,
  title={Ontology alignment for networked enterprise information system interoperability in supply chain environment},
  author={Lu, Yan and Panetto, Herv{\'e} and Ni, Yihua and Gu, Xinjian},
  journal={International Journal of Computer Integrated Manufacturing},
  volume={26},
  number={1-2},
  pages={140--151},
  year={2013},
  publisher={Taylor \& Francis}
}

@article{borsato2010ontology,
  title={An ontology building approach for knowledge sharing in product lifecycle management},
  author={Borsato, Milton and Estorilio, Carla Cristina Amodio and Cziulik, Carlos and Ugaya, Cassia Maria Lie and Rozenfeld, Henrique and others},
  journal={International Journal of Business and Systems Research},
  volume={4},
  number={3},
  pages={278},
  year={2010},
  publisher={Citeseer}
}

@article{kim2008agent,
  title={Agent based intelligent search framework for product information using ontology mapping},
  author={Kim, Wooju and Choi, Dae Woo and Park, Sangun},
  journal={Journal of Intelligent Information Systems},
  volume={30},
  number={3},
  pages={227--247},
  year={2008},
  publisher={Springer}
}

@inproceedings{ameri2008upper,
  title={An upper ontology for manufacturing service description},
  author={Ameri, Farhad and Dutta, Debasish},
  booktitle={ASME 2006 international design engineering technical conferences and computers and information in engineering conference},
  pages={651--661},
  year={2008},
  organization={American Society of Mechanical Engineers Digital Collection}
}

@inproceedings{lemaignanproposal,
  title={A Proposal For An Ontology Of Manufacturing Domain},
  author={Lemaignan, S and Siadat, A and Dantan, JY and Semenenko, A and Mason, A},
  booktitle={IEEE Workshop on Distributed Intelligent Systems: Collective Intelligence and Its Applications},
  pages={195--200}
}

@article{matsokis2010ontology,
  title={An ontology-based approach for Product Lifecycle Management},
  author={Matsokis, Aristeidis and Kiritsis, Dimitris},
  journal={Computers in industry},
  volume={61},
  number={8},
  pages={787--797},
  year={2010},
  publisher={Elsevier}
}

@article{mendoncca2018application,
  title={Application of category theory},
  author={Mendon{\c{c}}a, Maribel and Aguilar, Jose and Perozo, Niriaska},
  journal={Ingenierie des Systemes d'Information},
  volume={23},
  number={2},
  pages={11},
  year={2018},
  publisher={Lavoisier}
}

@article{lin2007manufacturing,
  title={A manufacturing system engineering ontology model on the semantic web for inter-enterprise collaboration},
  author={Lin, Hsiao-Kang and Harding, Jenny A},
  journal={Computers in Industry},
  volume={58},
  number={5},
  pages={428--437},
  year={2007},
  publisher={Elsevier}
}

@book{smullyan2012first,
  title={First-order logic},
  author={Smullyan, Raymond R},
  volume={43},
  year={2012},
  publisher={Springer Science \& Business Media}
}

@incollection{d2009criteria,
  title={Criteria and evaluation for ontology modularization techniques},
  author={d’Aquin, Mathieu and Schlicht, Anne and Stuckenschmidt, Heiner and Sabou, Marta},
  booktitle={Modular ontologies},
  pages={67--89},
  year={2009},
  publisher={Springer}
}

@article{goel2009structure,
  title={Structure, behavior, and function of complex systems: The structure, behavior, and function modeling language},
  author={Goel, Ashok K and Rugaber, Spencer and Vattam, Swaroop},
  journal={Ai Edam},
  volume={23},
  number={1},
  pages={23--35},
  year={2009},
  publisher={Cambridge University Press}
}

@book{stevens2016engineering,
  title={Engineering mega-systems: The challenge of systems engineering in the information age},
  author={Stevens, Renee},
  year={2016},
  publisher={Auerbach Publications}
}

@article{usman2013towards,
  title={Towards a formal manufacturing reference ontology},
  author={Usman, Zahid and Young, RIM and Chungoora, Nitishal and Palmer, Claire and Case, Keith and Harding, Jennifer A},
  journal={International Journal of Production Research},
  volume={51},
  number={22},
  pages={6553--6572},
  year={2013},
  publisher={Taylor \& Francis}
}

@article{nunez2017ontology,
  title={An ontology-based model for prognostics and health management of machines},
  author={Nunez, David Lira and Borsato, Milton},
  journal={Journal of Industrial Information Integration},
  volume={6},
  pages={33--46},
  year={2017},
  publisher={Elsevier}
}

@inproceedings{barr1979meta,
  title={Meta-Knowledge and Cognition.},
  author={Barr, Avron and others},
  booktitle={IJCAI},
  pages={31--33},
  year={1979}
}

@inproceedings{stoica2008approaches,
  title={Approaches to cognitive support in biomedical knowledge-based systems},
  author={Stoica, Florin and Simian, Dana},
  booktitle={Proceedings of the 9th WSEAS International Conference on Mathematics \& Computers In Biology \& Chemistry},
  pages={217--222},
  year={2008},
  organization={World Scientific and Engineering Academy and Society (WSEAS)}
}

@article{poveda2014oops,
  title={Oops!(ontology pitfall scanner!): An on-line tool for ontology evaluation},
  author={Poveda-Villal{\'o}n, Mar{\'\i}a and G{\'o}mez-P{\'e}rez, Asunci{\'o}n and Su{\'a}rez-Figueroa, Mari Carmen},
  journal={International Journal on Semantic Web and Information Systems (IJSWIS)},
  volume={10},
  number={2},
  pages={7--34},
  year={2014},
  publisher={IGI Global}
}

@article{boumahdi2010extraction,
  title={On the extraction of rules in the identification of bearing defects in rotating machinery using decision tree},
  author={Boumahdi, Mouloud and Dron, Jean-Paul and Rechak, Sa{\"\i}d and Cousinard, Olivier},
  journal={Expert Systems with Applications},
  volume={37},
  number={8},
  pages={5887--5894},
  year={2010},
  publisher={Elsevier}
}

@article{avizienis2004basic,
  title={Basic concepts and taxonomy of dependable and secure computing},
  author={Avizienis, Algirdas and Laprie, J-C and Randell, Brian and Landwehr, Carl},
  journal={IEEE transactions on dependable and secure computing},
  volume={1},
  number={1},
  pages={11--33},
  year={2004},
  publisher={IEEE}
}

@inproceedings{o2010method,
  title={A method for representing and querying temporal information in OWL},
  author={O’Connor, Martin J and Das, Amar K},
  booktitle={International joint conference on biomedical engineering systems and technologies},
  pages={97--110},
  year={2010},
  organization={Springer}
}

@article{baldauf2007survey,
  title={A survey on context-aware systems},
  author={Baldauf, Matthias and Dustdar, Schahram and Rosenberg, Florian},
  journal={International Journal of Ad Hoc and Ubiquitous Computing},
  volume={2},
  number={4},
  pages={263--277},
  year={2007},
  publisher={Inderscience Publishers}
}

@article{lin2007manufacturing,
  title={A manufacturing system engineering ontology model on the semantic web for inter-enterprise collaboration},
  author={Lin, Hsiao-Kang and Harding, Jenny A},
  journal={Computers in Industry},
  volume={58},
  number={5},
  pages={428--437},
  year={2007},
  publisher={Elsevier}
}

@incollection{borgo2007foundations,
  title={Foundations for a core ontology of manufacturing},
  author={Borgo, Stefano and Leit{\~a}o, Paulo},
  booktitle={Ontologies},
  pages={751--775},
  year={2007},
  publisher={Springer}
}

@article{wollschlaeger2017future,
  title={The future of industrial communication: Automation networks in the era of the internet of things and industry 4.0},
  author={Wollschlaeger, Martin and Sauter, Thilo and Jasperneite, Juergen},
  journal={IEEE industrial electronics magazine},
  volume={11},
  number={1},
  pages={17--27},
  year={2017},
  publisher={IEEE}
}

@article{xia2012internet,
  title={Internet of things},
  author={Xia, Feng and Yang, Laurence T and Wang, Lizhe and Vinel, Alexey},
  journal={International Journal of Communication Systems},
  volume={25},
  number={9},
  pages={1101},
  year={2012}
}

@article{mccue2015117,
  title={\$117 billion market for internet of things in healthcare by 2020},
  author={McCue, TJ},
  journal={Forbes Tech, April},
  year={2015}
}

@article{lasi2014industry,
  title={Industry 4.0},
  author={Lasi, Heiner and Fettke, Peter and Kemper, Hans-Georg and Feld, Thomas and Hoffmann, Michael},
  journal={Business \& information systems engineering},
  volume={6},
  number={4},
  pages={239--242},
  year={2014},
  publisher={Springer}
}

@inproceedings{sadeghi2015security,
  title={Security and privacy challenges in industrial internet of things},
  author={Sadeghi, Ahmad-Reza and Wachsmann, Christian and Waidner, Michael},
  booktitle={2015 52nd ACM/EDAC/IEEE Design Automation Conference (DAC)},
  pages={1--6},
  year={2015},
  organization={IEEE}
}

@article{civerchia2017industrial,
  title={Industrial Internet of Things monitoring solution for advanced predictive maintenance applications},
  author={Civerchia, Federico and Bocchino, Stefano and Salvadori, Claudio and Rossi, Enrico and Maggiani, Luca and Petracca, Matteo},
  journal={Journal of Industrial Information Integration},
  volume={7},
  pages={4--12},
  year={2017},
  publisher={Elsevier}
}

@inproceedings{peris2008vulnerability,
  title={Vulnerability analysis of a mutual authentication scheme under the EPC class-1 generation-2 standard},
  author={Peris-Lopez, Pedro and Li, Tieyan and Lim, Tong-Lee and Hernandez-Castro, Julio C and Estevez-Tapiador, Juan M},
  booktitle={Workshop on RFID Security},
  volume={9},
  pages={11},
  year={2008}
}

@inproceedings{pavon2003link,
  title={Link adaptation strategy for IEEE 802.11 WLAN via received signal strength measurement},
  author={Pavon, Jd P and Choi, Sunghyun},
  booktitle={IEEE International Conference on Communications, 2003. ICC'03.},
  volume={2},
  pages={1108--1113},
  year={2003},
  organization={IEEE}
}

@article{molisch2004ieee,
  title={IEEE 802.15. 4a channel model-final report},
  author={Molisch, Andreas F and Balakrishnan, Kannan and Chong, Chia-Chin and Emami, Shahriar and Fort, Andrew and Karedal, Johan and Kunisch, Juergen and Schantz, Hans and Schuster, Ulrich and Siwiak, Kai},
  journal={IEEE P802},
  volume={15},
  number={04},
  pages={0662},
  year={2004},
  publisher={Citeseer}
}

@book{xiao2009emerging,
  title={Emerging wireless LANs, wireless PANs, and wireless MANs: IEEE 802.11, IEEE 802.15, 802.16 wireless standard family},
  author={Xiao, Yang and Pan, Yi},
  volume={57},
  year={2009},
  publisher={John Wiley \& Sons}
}

@book{shelby20116lowpan,
  title={6LoWPAN: The wireless embedded Internet},
  author={Shelby, Zach and Bormann, Carsten},
  volume={43},
  year={2011},
  publisher={John Wiley \& Sons}
}

@book{huitema1998ipv6,
  title={IPv6: the new Internet protocol},
  author={Huitema, Christian},
  year={1998},
  publisher={Prentice Hall PTR}
}

@article{da2014internet,
  title={Internet of things in industries: A survey},
  author={Da Xu, Li and He, Wu and Li, Shancang},
  journal={IEEE Transactions on industrial informatics},
  volume={10},
  number={4},
  pages={2233--2243},
  year={2014},
  publisher={IEEE}
}

@article{lee2015cyber,
  title={A cyber-physical systems architecture for industry 4.0-based manufacturing systems},
  author={Lee, Jay and Bagheri, Behrad and Kao, Hung-An},
  journal={Manufacturing letters},
  volume={3},
  pages={18--23},
  year={2015},
  publisher={Elsevier}
}

@article{josep2010view,
  title={A view of cloud computing},
  author={JoSEP, Anthony D and KAtz, RAnDy and KonWinSKi, AnDy and Gunho, LEE and PAttERSon, DAViD and RABKin, ARiEL},
  journal={Communications of the ACM},
  volume={53},
  number={4},
  year={2010}
}

@inproceedings{schmidt2015industry,
  title={Industry 4.0-potentials for creating smart products: empirical research results},
  author={Schmidt, Rainer and M{\"o}hring, Michael and H{\"a}rting, Ralf-Christian and Reichstein, Christopher and Neumaier, Pascal and Jozinovi{\'c}, Philip},
  booktitle={International Conference on Business Information Systems},
  pages={16--27},
  year={2015},
  organization={Springer}
}

@article{lee2014service,
  title={Service innovation and smart analytics for industry 4.0 and big data environment},
  author={Lee, Jay and Kao, Hung-An and Yang, Shanhu},
  journal={Procedia Cirp},
  volume={16},
  pages={3--8},
  year={2014},
  publisher={Elsevier}
}

@article{mcafee2012big,
  title={Big data: the management revolution},
  author={McAfee, Andrew and Brynjolfsson, Erik and Davenport, Thomas H and Patil, DJ and Barton, Dominic},
  journal={Harvard business review},
  volume={90},
  number={10},
  pages={60--68},
  year={2012}
}

@inproceedings{al2008using,
  title={Using data mining techniques for predicting future car market demand; DCX case study},
  author={Al-Noukari, Mouhib and Al-Hussan, Wael},
  booktitle={2008 3rd International Conference on Information and Communication Technologies: From Theory to Applications},
  pages={1--5},
  year={2008},
  organization={IEEE}
}

@inproceedings{chon2006predicting,
  title={Predicting success from music sales data: a statistical and adaptive approach},
  author={Chon, Song Hui and Slaney, Malcolm and Berger, Jonathan},
  booktitle={Proceedings of the 1st ACM workshop on Audio and music computing multimedia},
  pages={83--88},
  year={2006},
  organization={ACM}
}

@inproceedings{zhou2015industry,
  title={Industry 4.0: Towards future industrial opportunities and challenges},
  author={Zhou, Keliang and Liu, Taigang and Zhou, Lifeng},
  booktitle={2015 12th International conference on fuzzy systems and knowledge discovery (FSKD)},
  pages={2147--2152},
  year={2015},
  organization={IEEE}
}

@article{si2011remaining,
  title={Remaining useful life estimation--a review on the statistical data driven approaches},
  author={Si, Xiao-Sheng and Wang, Wenbin and Hu, Chang-Hua and Zhou, Dong-Hua},
  journal={European journal of operational research},
  volume={213},
  number={1},
  pages={1--14},
  year={2011},
  publisher={Elsevier}
}

@article{grall2002continuous,
  title={Continuous-time predictive-maintenance scheduling for a deteriorating system},
  author={Grall, Antoine and Dieulle, Laurence and B{\'e}renguer, Christophe and Roussignol, Michel},
  journal={IEEE transactions on reliability},
  volume={51},
  number={2},
  pages={141--150},
  year={2002},
  publisher={IEEE}
}

@book{shafer1976mathematical,
  title={A mathematical theory of evidence},
  author={Shafer, Glenn},
  volume={42},
  year={1976},
  publisher={Princeton university press}
}

@article{widodo2007support,
  title={Support vector machine in machine condition monitoring and fault diagnosis},
  author={Widodo, Achmad and Yang, Bo-Suk},
  journal={Mechanical systems and signal processing},
  volume={21},
  number={6},
  pages={2560--2574},
  year={2007},
  publisher={Elsevier}
}

@book{rao1996handbook,
  title={Handbook of condition monitoring},
  author={Rao, BKN},
  year={1996},
  publisher={Elsevier}
}

@techreport{tsang2007low,
  title={A low-latency, high-integrity security retrofit for legacy scada systems},
  author={Tsang, Patrick P and Smith, Sean W},
  year={2007},
  institution={Technical Report TR2007-603, Department of Computer Science, Dartmouth College}
}

@inproceedings{wright2004low,
  title={Low-latency cryptographic protection for SCADA communications},
  author={Wright, Andrew K and Kinast, John A and McCarty, Joe},
  booktitle={International Conference on Applied Cryptography and Network Security},
  pages={263--277},
  year={2004},
  organization={Springer}
}

@inproceedings{cardenas2009challenges,
  title={Challenges for securing cyber physical systems},
  author={Cardenas, Alvaro and Amin, Saurabh and Sinopoli, Bruno and Giani, Annarita and Perrig, Adrian and Sastry, Shankar and others},
  booktitle={Workshop on future directions in cyber-physical systems security},
  volume={5},
  number={1},
  year={2009}
}

@article{nunez2017ontology,
  title={An ontology-based model for prognostics and health management of machines},
  author={Nunez, David Lira and Borsato, Milton},
  journal={Journal of Industrial Information Integration},
  volume={6},
  pages={33--46},
  year={2017},
  publisher={Elsevier}
}

@inproceedings{lee2014recent,
  title={Recent advances and trends of cyber-physical systems and big data analytics in industrial informatics},
  author={Lee, Jay and Bagheri, Behrad and Kao, Hung-An},
  booktitle={International proceeding of int conference on industrial informatics (INDIN)},
  pages={1--6},
  year={2014}
}

@article{sikorska2011prognostic,
  title={Prognostic modelling options for remaining useful life estimation by industry},
  author={Sikorska, JZ and Hodkiewicz, Melinda and Ma, Lin},
  journal={Mechanical systems and signal processing},
  volume={25},
  number={5},
  pages={1803--1836},
  year={2011},
  publisher={Elsevier}
}

@article{nada2013novel,
  title={A Novel Expert System for Building House Cost Estimation: Design, Implementation, and Evaluation},
  author={Nada, Yasser A},
  journal={constraints},
  volume={4},
  number={8},
  year={2013}
}

@inproceedings{dou2015semantic,
  title={Semantic data mining: A survey of ontology-based approaches},
  author={Dou, Dejing and Wang, Hao and Liu, Haishan},
  booktitle={Proceedings of the 2015 IEEE 9th international conference on semantic computing (IEEE ICSC 2015)},
  pages={244--251},
  year={2015},
  organization={IEEE}
}

@book{jackson1990introduction,
  title={Introduction to expert systems},
  author={Jackson, Peter and Jackson, Peter},
  volume={2},
  year={1990},
  publisher={Addison-Wesley Reading, MA}
}

@techreport{heflin2000semantic,
  title={Semantic interoperability on the web},
  author={Heflin, Jeff and Hendler, James},
  year={2000},
  institution={MARYLAND UNIV COLLEGE PARK DEPT OF COMPUTER SCIENCE}
}

@article{dell2017stream,
  title={Stream reasoning: A survey and outlook},
  author={Dell’Aglio, Daniele and Della Valle, Emanuele and van Harmelen, Frank and Bernstein, Abraham},
  journal={Data Science},
  volume={1},
  number={1-2},
  pages={59--83},
  year={2017},
  publisher={IOS Press}
}

@book{berkan1997fuzzy,
  title={Fuzzy system design principles},
  author={Berkan, Riza C and Trubatch, Sheldon},
  year={1997},
  publisher={Wiley-IEEE Press}
}

@article{pecht2010prognostics,
  title={A prognostics and health management roadmap for information and electronics-rich systems},
  author={Pecht, Michael G},
  journal={IEICE ESS Fundamentals Review},
  volume={3},
  number={4},
  pages={4\_25--4\_32},
  year={2010},
  publisher={The Institute of Electronics, Information and Communication Engineers}
}

@article{pecht2009prognostics,
  title={Prognostics and health management of electronics},
  author={Pecht, Michael},
  journal={Encyclopedia of Structural Health Monitoring},
  year={2009},
  publisher={Wiley Online Library}
}

@inproceedings{roemer2001development,
  title={Development of diagnostic and prognostic technologies for aerospace health management applications},
  author={Roemer, Michael J and Nwadiogbu, EO and Bloor, G},
  booktitle={2001 IEEE Aerospace Conference Proceedings (Cat. No. 01TH8542)},
  volume={6},
  pages={3139--3147},
  year={2001},
  organization={IEEE}
}

@article{heng2009rotating,
  title={Rotating machinery prognostics: State of the art, challenges and opportunities},
  author={Heng, Aiwina and Zhang, Sheng and Tan, Andy CC and Mathew, Joseph},
  journal={Mechanical systems and signal processing},
  volume={23},
  number={3},
  pages={724--739},
  year={2009},
  publisher={Elsevier}
}

@article{sikorska2011prognostic,
  title={Prognostic modelling options for remaining useful life estimation by industry},
  author={Sikorska, JZ and Hodkiewicz, Melinda and Ma, Lin},
  journal={Mechanical systems and signal processing},
  volume={25},
  number={5},
  pages={1803--1836},
  year={2011},
  publisher={Elsevier}
}

@article{efthymiou2012predictive,
  title={On a predictive maintenance platform for production systems},
  author={Efthymiou, K and Papakostas, N and Mourtzis, D and Chryssolouris, G},
  journal={Procedia CIRP},
  volume={3},
  pages={221--226},
  year={2012},
  publisher={Elsevier}
}

@article{javed2017state,
  title={State of the art and taxonomy of prognostics approaches, trends of prognostics applications and open issues towards maturity at different technology readiness levels},
  author={Javed, Kamran and Gouriveau, Rafael and Zerhouni, Noureddine},
  journal={Mechanical Systems and Signal Processing},
  volume={94},
  pages={214--236},
  year={2017},
  publisher={Elsevier}
}

@inproceedings{dragomir2009review,
  title={Review of prognostic problem in condition-based maintenance},
  author={Dragomir, Otilia Elena and Gouriveau, Rafael and Dragomir, Florin and Minca, Eugenia and Zerhouni, Noureddine},
  booktitle={2009 European Control Conference (ECC)},
  pages={1587--1592},
  year={2009},
  organization={IEEE}
}

@article{peng2010current,
  title={Current status of machine prognostics in condition-based maintenance: a review},
  author={Peng, Ying and Dong, Ming and Zuo, Ming Jian},
  journal={The International Journal of Advanced Manufacturing Technology},
  volume={50},
  number={1-4},
  pages={297--313},
  year={2010},
  publisher={Springer}
}

@inproceedings{cheng2009fusion,
  title={A fusion prognostics method for remaining useful life prediction of electronic products},
  author={Cheng, Shunfeng and Pecht, Michael},
  booktitle={2009 IEEE International Conference on Automation Science and Engineering},
  pages={102--107},
  year={2009},
  organization={IEEE}
}

@article{susto2014machine,
  title={Machine learning for predictive maintenance: A multiple classifier approach},
  author={Susto, Gian Antonio and Schirru, Andrea and Pampuri, Simone and McLoone, Se{\'a}n and Beghi, Alessandro},
  journal={IEEE Transactions on Industrial Informatics},
  volume={11},
  number={3},
  pages={812--820},
  year={2014},
  publisher={IEEE}
}

@article{jain1996artificial,
  title={Artificial neural networks: A tutorial},
  author={Jain, Anil K and Mao, Jianchang and Mohiuddin, K Moidin},
  journal={Computer},
  volume={29},
  number={3},
  pages={31--44},
  year={1996},
  publisher={IEEE}
}

@inproceedings{javed2011improving,
  title={Improving data-driven prognostics by assessing predictability of features.},
  author={Javed, Kamran and Gouriveau, Rafael and Zemouri, Ryad and Zerhouni, Noureddine},
  year={2011}
}

@inproceedings{beal2002infinite,
  title={The infinite hidden Markov model},
  author={Beal, Matthew J and Ghahramani, Zoubin and Rasmussen, Carl E},
  booktitle={Advances in neural information processing systems},
  pages={577--584},
  year={2002}
}

@inproceedings{quinlan1993combining,
  title={Combining instance-based and model-based learning},
  author={Quinlan, J Ross},
  booktitle={Proceedings of the tenth international conference on machine learning},
  pages={236--243},
  year={1993}
}

@book{kallianpur2013stochastic,
  title={Stochastic filtering theory},
  author={Kallianpur, Gopinath},
  volume={13},
  year={2013},
  publisher={Springer Science \& Business Media}
}

@article{gustafsson2002particle,
  title={Particle filters for positioning, navigation, and tracking},
  author={Gustafsson, Fredrik and Gunnarsson, Fredrik and Bergman, Niclas and Forssell, Urban and Jansson, Jonas and Karlsson, Rickard and Nordlund, P-J},
  journal={IEEE Transactions on signal processing},
  volume={50},
  number={2},
  pages={425--437},
  year={2002},
  publisher={IEEE}
}

@book{hamilton1994time,
  title={Time series analysis},
  author={Hamilton, James Douglas},
  volume={2},
  year={1994},
  publisher={Princeton university press Princeton, NJ}
}

@article{jones2010use,
  title={The use of Bayesian network modelling for maintenance planning in a manufacturing industry},
  author={Jones, B and Jenkinson, Ian and Yang, Zaili and Wang, Jin},
  journal={Reliability Engineering \& System Safety},
  volume={95},
  number={3},
  pages={267--277},
  year={2010},
  publisher={Elsevier}
}

@inproceedings{uckun2008standardizing,
  title={Standardizing research methods for prognostics},
  author={Uckun, Serdar and Goebel, Kai and Lucas, Peter JF},
  booktitle={2008 International Conference on Prognostics and Health Management},
  pages={1--10},
  year={2008},
  organization={IEEE}
}

@article{wang2016intelligent,
  title={Intelligent predictive maintenance (IPdM) system--Industry 4.0 scenario},
  author={Wang, K},
  journal={WIT Transactions on Engineering Sciences},
  volume={113},
  pages={259--268},
  year={2016},
  publisher={WIT Press}
}

@article{celaya2011prognostics,
  title={Prognostics of power MOSFETs under thermal stress accelerated aging using data-driven and model-based methodologies},
  author={Celaya, Jose and Saxena, Abhinav and Saha, Sankalita and Goebel, Kai F},
  year={2011}
}

@article{pecht2010prognostics,
  title={A prognostics and health management roadmap for information and electronics-rich systems},
  author={Pecht, Michael G},
  journal={IEICE ESS Fundamentals Review},
  volume={3},
  number={4},
  pages={4\_25--4\_32},
  year={2010},
  publisher={The Institute of Electronics, Information and Communication Engineers}
}

@inproceedings{saxena2012designing,
  title={Designing data-driven battery prognostic approaches for variable loading profiles: Some lessons learned},
  author={Saxena, Abhinav and Celaya, Jos{\'e} R and Roychoudhury, Indranil and Saha, Sankalita and Saha, Bhaskar and Goebel, Kai},
  booktitle={European conference of prognostics and health management society},
  pages={72--732},
  year={2012}
}

@book{scholkopf2001learning,
  title={Learning with kernels: support vector machines, regularization, optimization, and beyond},
  author={Scholkopf, Bernhard and Smola, Alexander J},
  year={2001},
  publisher={MIT press}
}

@book{kleinbaum2002logistic,
  title={Logistic regression},
  author={Kleinbaum, David G and Dietz, K and Gail, M and Klein, Mitchel and Klein, Mitchell},
  year={2002},
  publisher={Springer}
}

@inproceedings{rish2001empirical,
  title={An empirical study of the naive Bayes classifier},
  author={Rish, Irina and others},
  booktitle={IJCAI 2001 workshop on empirical methods in artificial intelligence},
  volume={3},
  number={22},
  pages={41--46},
  year={2001}
}

@article{liaw2002classification,
  title={Classification and regression by randomForest},
  author={Liaw, Andy and Wiener, Matthew and others},
  journal={R news},
  volume={2},
  number={3},
  pages={18--22},
  year={2002}
}

@article{quinlan1986induction,
  title={Induction of decision trees},
  author={Quinlan, J. Ross},
  journal={Machine learning},
  volume={1},
  number={1},
  pages={81--106},
  year={1986},
  publisher={Springer}
}

@article{likas2003global,
  title={The global k-means clustering algorithm},
  author={Likas, Aristidis and Vlassis, Nikos and Verbeek, Jakob J},
  journal={Pattern recognition},
  volume={36},
  number={2},
  pages={451--461},
  year={2003},
  publisher={Elsevier}
}

@article{reynolds2015gaussian,
  title={Gaussian mixture models},
  author={Reynolds, Douglas},
  journal={Encyclopedia of biometrics},
  pages={827--832},
  year={2015},
  publisher={Springer}
}

@inproceedings{kohonen1997exploration,
  title={Exploration of very large databases by self-organizing maps},
  author={Kohonen, Teuvo},
  booktitle={Proceedings of International Conference on Neural Networks (ICNN'97)},
  volume={1},
  pages={PL1--PL6},
  year={1997},
  organization={IEEE}
}

@article{eddy1996hidden,
  title={Hidden markov models},
  author={Eddy, Sean R},
  journal={Current opinion in structural biology},
  volume={6},
  number={3},
  pages={361--365},
  year={1996},
  publisher={Elsevier}
}

@article{zhu2009introduction,
  title={Introduction to semi-supervised learning},
  author={Zhu, Xiaojin and Goldberg, Andrew B},
  journal={Synthesis lectures on artificial intelligence and machine learning},
  volume={3},
  number={1},
  pages={1--130},
  year={2009},
  publisher={Morgan \& Claypool Publishers}
}

@inproceedings{kingma2014semi,
  title={Semi-supervised learning with deep generative models},
  author={Kingma, Durk P and Mohamed, Shakir and Rezende, Danilo Jimenez and Welling, Max},
  booktitle={Advances in neural information processing systems},
  pages={3581--3589},
  year={2014}
}

@article{rosenberg2005semi,
  title={Semi-Supervised Self-Training of Object Detection Models.},
  author={Rosenberg, Chuck and Hebert, Martial and Schneiderman, Henry},
  journal={WACV/MOTION},
  volume={2},
  year={2005}
}

@inproceedings{bennett1999semi,
  title={Semi-supervised support vector machines},
  author={Bennett, Kristin P and Demiriz, Ayhan},
  booktitle={Advances in Neural Information processing systems},
  pages={368--374},
  year={1999}
}

@article{bryant1986graph,
  title={Graph-based algorithms for boolean function manipulation},
  author={Bryant, Randal E},
  journal={Computers, IEEE Transactions on},
  volume={100},
  number={8},
  pages={677--691},
  year={1986},
  publisher={IEEE}
}

@inproceedings{bickel2004multi,
  title={Multi-view clustering.},
  author={Bickel, Steffen and Scheffer, Tobias},
  booktitle={ICDM},
  volume={4},
  pages={19--26},
  year={2004}
}

@article{susto2014machine,
  title={Machine learning for predictive maintenance: A multiple classifier approach},
  author={Susto, Gian Antonio and Schirru, Andrea and Pampuri, Simone and McLoone, Se{\'a}n and Beghi, Alessandro},
  journal={IEEE Transactions on Industrial Informatics},
  volume={11},
  number={3},
  pages={812--820},
  year={2014},
  publisher={IEEE}
}

@book{domingue2011handbook,
  title={Handbook of semantic web technologies},
  author={Domingue, John and Fensel, Dieter and Hendler, James A},
  year={2011},
  publisher={Springer Science \& Business Media}
}

@article{ouertani2011traceability,
  title={Traceability and management of dispersed product knowledge during design and manufacturing},
  author={Ouertani, Mohamed-Zied and Ba{\"\i}na, Salah and Gzara, Lilia and Morel, G{\'e}rard},
  journal={Computer-Aided Design},
  volume={43},
  number={5},
  pages={546--562},
  year={2011},
  publisher={Elsevier}
}

@book{leistner2010mastering,
  title={Mastering organizational knowledge flow},
  author={Leistner, Frank},
  year={2010},
  publisher={Wiley Online Library}
}

@article{bernard1988use,
  title={Use of a rule-based system for process control},
  author={Bernard, John A},
  journal={IEEE Control Systems Magazine},
  volume={8},
  number={5},
  pages={3--13},
  year={1988},
  publisher={IEEE}
}

@book{kolodner2014case,
  title={Case-based reasoning},
  author={Kolodner, Janet},
  year={2014},
  publisher={Morgan Kaufmann}
}

@book{grimm2009semantic,
  title={Semantic matchmaking with nonmonotonic description logics},
  author={Grimm, Stephan},
  volume={1},
  year={2009},
  publisher={IOS Press}
}

@inproceedings{zanni2015krem,
  title={KREM: A Generic Knowledge-based Framework for Problem Solving in Engineering.},
  author={Zanni-Merk, Cecilia},
  booktitle={KEOD},
  pages={381--388},
  year={2015}
}

@incollection{collins1975reasoning,
  title={Reasoning from incomplete knowledge},
  author={Collins, Allan and Warnock, Eleanor H and Aiello, Nelleke and Miller, Mark L},
  booktitle={Representation and understanding},
  pages={383--415},
  year={1975},
  publisher={Elsevier}
}

@article{zanni2015layered,
  title={A layered architecture for a fuzzy semantic approach for satellite image analysis},
  author={Zanni-Merk, Cecilia and Marc-Zwecker, Stella and Wemmert, C{\'e}dric and de Beuvron, Fran{\c{c}}ois de Bertrand},
  journal={International Journal of Knowledge and Systems Science (IJKSS)},
  volume={6},
  number={2},
  pages={31--56},
  year={2015},
  publisher={IGI Global}
}

@article{zanni2019building,
  title={Building collective intelligence through experience: a survey on the use of the KREM model},
  author={Zanni-Merk, Cecilia and Szczerbicki, Edward},
  journal={Journal of Intelligent \& Fuzzy Systems},
  number={Preprint},
  pages={1--13},
  year={2019},
  publisher={IOS Press}
}

@book{gruber2009ontology,
  title={Ontology},
  author={Gruber, Tom},
  year={2009},
  publisher={Springer}
}

@article{sanin2007implementing,
  title={Implementing decisional DNA in industrial maintenance by a knowledge SOUPA extension},
  author={Sanin, C and Toro, C and Vaquero, J and Szczerbicki, E and Posada, J},
  journal={Systems Science},
  volume={33},
  number={2},
  pages={61--68},
  year={2007}
}

@article{bonson2009towards,
  title={Towards an ontology-based network for banking supervision},
  author={Bons{\'o}n-Ponte, Enrique and Escobar-Rodr{\'\i}guez, Tom{\'a}s and Flores-Mu{\~n}oz, Francisco},
  journal={Online Information Review},
  volume={33},
  number={5},
  pages={943--955},
  year={2009},
  publisher={Emerald Group Publishing Limited}
}

@article{kucharski2011approach,
  title={An approach to smart experience management},
  author={Kucharski, Bartosz and Szczerbicki, Edward},
  journal={Cybernetics and Systems: An International Journal},
  volume={42},
  number={2},
  pages={156--164},
  year={2011},
  publisher={Taylor \& Francis}
}

@article{cao2019smart,
  title={Smart Condition Monitoring for Industry 4.0 Manufacturing Processes: An Ontology-Based Approach},
  author={Cao, Qiushi and Giustozzi, Franco and Zanni-Merk, Cecilia and de Bertrand de Beuvron, Fran{\c{c}}ois and Reich, Christoph},
  journal={Cybernetics and Systems},
  volume={50},
  number={2},
  pages={82--96},
  year={2019},
  publisher={Taylor \& Francis}
}

@article{toro2012using,
  title={Using set of experience knowledge structure to extend a rule set of clinical decision support system for Alzheimer's disease diagnosis},
  author={Toro, Carlos and Sanchez, Eider and Carrasco, Eduardo and Mancilla-Amaya, Leonardo and San{\'\i}n, Cesar and Szczerbicki, Edward and Gra{\~n}a, Manuel and Bonachela, Patricia and Parra, Carlos and Bueno, Gloria and others},
  journal={Cybernetics and Systems},
  volume={43},
  number={2},
  pages={81--95},
  year={2012},
  publisher={Taylor \& Francis}
}

@article{simons1999parts,
  title={Parts: A study in ontology},
  author={Simons, Peter},
  year={1999}
}

@article{gruber1993translation,
  title={A translation approach to portable ontology specifications},
  author={Gruber, Thomas R},
  journal={Knowledge acquisition},
  volume={5},
  number={2},
  pages={199--220},
  year={1993},
  publisher={Elsevier}
}

@phdthesis{ayadi2018semantic,
  title={Semantic approaches for the meta-optimization of complex biomolecular networks},
  author={Ayadi, Ali},
  year={2018}
}

@inproceedings{ameri2012systematic,
  title={A systematic approach to developing ontologies for manufacturing service modeling},
  author={Ameri, Farhad and Urbanovsky, Colin and McArthur, Christian},
  booktitle={Proceedings of the workshop on ontology and semantic web for manufacturing},
  pages={14},
  year={2012},
  organization={Citeseer}
}

@article{horridge2009practical,
  title={A practical guide to building owl ontologies using prot{\'e}g{\'e} 4 and co-ode tools edition1. 2},
  author={Horridge, Matthew and Jupp, Simon and Moulton, Georgina and Rector, Alan and Stevens, Robert and Wroe, Chris},
  journal={The university of Manchester},
  volume={107},
  year={2009}
}

@article{bellatreche2006contribution,
  title={Contribution of ontology-based data modeling to automatic integration of electronic catalogues within engineering databases},
  author={Bellatreche, Ladjel and Dung, Nguyen Xuan and Pierra, Guy and Hondjack, Dehainsala},
  journal={Computers in Industry},
  volume={57},
  number={8-9},
  pages={711--724},
  year={2006},
  publisher={Elsevier}
}

@inproceedings{gruninger1994design,
  title={The design and evaluation of ontologies for enterprise engineering},
  author={Gruninger, Michael and Fox, Mark S},
  booktitle={Workshop on Implemented Ontologies, European Conference on Artificial Intelligence (ECAI)},
  year={1994},
  organization={Citeseer}
}

@book{uschold1995towards,
  title={Towards a methodology for building ontologies},
  author={Uschold, Michael and King, Martin},
  year={1995},
  publisher={Citeseer}
}

@article{fernandez1997methontology,
  title={Methontology: from ontological art towards ontological engineering},
  author={Fern{\'a}ndez-L{\'o}pez, Mariano and G{\'o}mez-P{\'e}rez, Asunci{\'o}n and Juristo, Natalia},
  year={1997},
  publisher={American Asociation for Artificial Intelligence}
}

@article{perakath1994idef5,
  title={The IDEF5 Ontology Description Capture Method Overview},
  author={PERAKATH, CB and MENZEL, CP and MAYER, RJ and others},
  journal={Knowledge Based Systems},
  year={1994}
}

@article{schreiber1994commonkads,
  title={CommonKADS: A comprehensive methodology for KBS development},
  author={Schreiber, Guus and Wielinga, Bob and de Hoog, Robert and Akkermans, Hans and Van de Velde, Walter},
  journal={IEEE expert},
  volume={9},
  number={6},
  pages={28--37},
  year={1994},
  publisher={IEEE}
}

@book{smullyan1995first,
  title={First-order logic},
  author={Smullyan, Raymond M},
  year={1995},
  publisher={Courier Corporation}
}

@article{jones1998methodologies,
  title={Methodologies for ontology development},
  author={Jones, Dean and Bench-Capon, Trevor and Visser, Pepijn},
  year={1998},
  publisher={na}
}

@article{schreiber1994commonkads,
  title={CommonKADS: A comprehensive methodology for KBS development},
  author={Schreiber, Guus and Wielinga, Bob and de Hoog, Robert and Akkermans, Hans and Van de Velde, Walter},
  journal={IEEE expert},
  volume={9},
  number={6},
  pages={28--37},
  year={1994},
  publisher={IEEE}
}

@phdthesis{yan2014meta,
  title={(Meta) Knowledge modeling for inventive design},
  author={Yan, Wei},
  year={2014}
}

@article{mcguinness2004owl,
  title={OWL web ontology language overview},
  author={McGuinness, Deborah L and Van Harmelen, Frank and others},
  journal={W3C recommendation},
  volume={10},
  number={10},
  pages={2004},
  year={2004}
}

@inproceedings{sure2002ontoedit,
  title={OntoEdit: Collaborative ontology development for the semantic web},
  author={Sure, York and Erdmann, Michael and Angele, J{\"u}rgen and Staab, Steffen and Studer, Rudi and Wenke, Dirk},
  booktitle={International Semantic Web Conference},
  pages={221--235},
  year={2002},
  organization={Springer}
}

@article{farquhar1997ontolingua,
  title={The ontolingua server: A tool for collaborative ontology construction},
  author={Farquhar, Adam and Fikes, Richard and Rice, James},
  journal={International journal of human-computer studies},
  volume={46},
  number={6},
  pages={707--727},
  year={1997},
  publisher={Elsevier}
}

@inproceedings{bechhofer2001oiled,
  title={OilEd: a reason-able ontology editor for the semantic web},
  author={Bechhofer, Sean and Horrocks, Ian and Goble, Carole and Stevens, Robert},
  booktitle={Annual Conference on Artificial Intelligence},
  pages={396--408},
  year={2001},
  organization={Springer}
}

@article{kogut2002uml,
  title={UML for ontology development},
  author={Kogut, Paul and Cranefield, Stephen and Hart, Lewis and Dutra, Mark and Baclawski, Kenneth and Kokar, Mieczyslaw and Smith, Jeffrey},
  journal={The Knowledge Engineering Review},
  volume={17},
  number={1},
  pages={61--64},
  year={2002},
  publisher={Cambridge University Press}
}

@article{gennari2003evolution,
  title={The evolution of Prot{\'e}g{\'e}: an environment for knowledge-based systems development},
  author={Gennari, John H and Musen, Mark A and Fergerson, Ray W and Grosso, William E and Crub{\'e}zy, Monica and Eriksson, Henrik and Noy, Natalya F and Tu, Samson W},
  journal={International Journal of Human-computer studies},
  volume={58},
  number={1},
  pages={89--123},
  year={2003},
  publisher={Elsevier}
}

@article{horrocks2004swrl,
  title={SWRL: A semantic web rule language combining OWL and RuleML},
  author={Horrocks, Ian and Patel-Schneider, Peter F and Boley, Harold and Tabet, Said and Grosof, Benjamin and Dean, Mike and others},
  journal={W3C Member submission},
  volume={21},
  number={79},
  pages={1--31},
  year={2004}
}

@article{abburu2012survey,
  title={A survey on ontology reasoners and comparison},
  author={Abburu, Sunitha},
  journal={International Journal of Computer Applications},
  volume={57},
  number={17},
  year={2012},
  publisher={Citeseer}
}

@misc{friedman2008jess,
  title={Jess, the rule engine for the java platform},
  author={Friedman-Hill, Ernest and others},
  year={2008}
}

@inproceedings{walzer2008relative,
  title={Relative temporal constraints in the Rete algorithm for complex event detection},
  author={Walzer, Karen and Breddin, Tino and Groch, Matthias},
  booktitle={Proceedings of the second international conference on Distributed event-based systems},
  pages={147--155},
  year={2008},
  organization={ACM}
}

@article{jena2015free,
  title={A free and open source Java framework for building Semantic Web and Linked Data applications},
  author={Jena, Apache},
  journal={Available online: jena. apache. org/(accessed on 28 April 2015)},
  year={2015}
}

@article{jena2013apache,
  title={Apache jena},
  author={Jena, Apache},
  journal={jena. apache. org [Online]. Available: http://jena. apache. org [Accessed: Mar. 20, 2014]},
  pages={14},
  year={2013}
}

@book{browne2009jboss,
  title={JBoss Drools business rules},
  author={Browne, Paul},
  year={2009},
  publisher={Packt Publishing Ltd}
}

@inproceedings{di2011methodology,
  title={A methodology for graphical modeling of business rules},
  author={Di Bona, Daniele and Re, Giuseppe Lo and Aiello, Giovanni and Tamburo, Adriano and Alessi, Marco},
  booktitle={2011 UKSim 5th European Symposium on Computer Modeling and Simulation},
  pages={102--106},
  year={2011},
  organization={IEEE}
}

@book{kolodner2014case,
  title={Case-based reasoning},
  author={Kolodner, Janet},
  year={2014},
  publisher={Morgan Kaufmann}
}

@article{sanin2009experience,
  title={Experience-based knowledge representation: SOEKS},
  author={Sanin, Cesar and Szczerbicki, Edward},
  journal={Cybernetics and Systems: an international journal},
  volume={40},
  number={2},
  pages={99--122},
  year={2009},
  publisher={Taylor \& Francis}
}

@article{aamodt1994case,
  title={Case-based reasoning: Foundational issues, methodological variations, and system approaches},
  author={Aamodt, Agnar and Plaza, Enric},
  journal={AI communications},
  volume={7},
  number={1},
  pages={39--59},
  year={1994},
  publisher={IOS press}
}

@book{montani2010successful,
  title={Successful case-based reasoning applications},
  author={Montani, Stefania and Jain, Lakhmi C and others},
  volume={305},
  year={2010},
  publisher={Springer}
}

@article{chun2005dynamic,
  title={Dynamic adaptive ensemble case-based reasoning: application to stock market prediction},
  author={Chun, Se-Hak and Park, Yoon-Joo},
  journal={Expert Systems with Applications},
  volume={28},
  number={3},
  pages={435--443},
  year={2005},
  publisher={Elsevier}
}

@book{bergmann2003developing,
  title={Developing industrial case-based reasoning applications: The INRECA methodology},
  author={Bergmann, Ralph and Althoff, Klaus-Dieter and Breen, Sean and G{\"o}ker, Mehmet and Manago, Michel and Traph{\"o}ner, Ralph and Wess, Stefan},
  year={2003},
  publisher={Springer Science \& Business Media}
}

@article{holt2005medical,
  title={Medical applications in case-based reasoning},
  author={Holt, Alec and Bichindaritz, Isabelle and Schmidt, Rainer and Perner, Petra},
  journal={The Knowledge Engineering Review},
  volume={20},
  number={3},
  pages={289--292},
  year={2005},
  publisher={Cambridge University Press}
}

@article{morcous2002modeling,
  title={Modeling bridge deterioration using case-based reasoning},
  author={Morcous, George and Rivard, H and Hanna, AM},
  journal={Journal of Infrastructure Systems},
  volume={8},
  number={3},
  pages={86--95},
  year={2002},
  publisher={American Society of Civil Engineers}
}

@article{sanin2007implementing,
  title={Implementing decisional DNA in industrial maintenance by a knowledge SOUPA extension},
  author={Sanin, C and Toro, C and Vaquero, J and Szczerbicki, E and Posada, J},
  journal={Systems Science},
  volume={33},
  number={2},
  pages={61--68},
  year={2007}
}

@incollection{toro2009architecture,
  title={An Architecture for the Semantic Enhancement of Virtual Engineering Applications},
  author={Toro, Carlos and Gra{\~n}a, Manuel and Posada, Jorge and San{\'\i}n, Cesar and Szczerbicki, Edward},
  booktitle={Intelligent Systems for Knowledge Management},
  pages={175--195},
  year={2009},
  publisher={Springer}
}

@incollection{sanin2009application,
  title={Application of a multi-domain knowledge structure: The decisional DNA},
  author={San{\'\i}n, Cesar and Mancilla-Amaya, Leonardo and Szczerbicki, Edward and CayfordHowell, Paul},
  booktitle={Intelligent systems for knowledge management},
  pages={65--86},
  year={2009},
  publisher={Springer}
}

@article{zhang2010decisional,
  title={Decisional DNA-based embedded systems: A new perspective},
  author={Zhang, Haoxi and Sanin, Cesar and Szczerbicki, Edward},
  journal={Systems Science},
  volume={36},
  number={1},
  pages={21--26},
  year={2010}
}

@article{zhang2012making,
  title={Making digital TV smarter: capturing and reusing experience in digital TV},
  author={Zhang, Haoxi and San{\'\i}n, Cesar and Szczerbicki, Edward},
  journal={Cybernetics and Systems},
  volume={43},
  number={2},
  pages={127--135},
  year={2012},
  publisher={Taylor \& Francis}
}

@inproceedings{papadopoulos2009wind,
  title={Wind turbines' condition monitoring: an ontology model},
  author={Papadopoulos, Panagiotis and Cipcigan, Liana},
  booktitle={2009 International Conference on Sustainable Power Generation and Supply},
  pages={1--4},
  year={2009},
  organization={IEEE}
}

@article{schwarzenbach2010mapping,
  title={Mapping the remote condition monitoring architecture},
  author={Schwarzenbach, J and Wilkinson, L and West, M and Pilling, M},
  journal={Research Programme. Rail Safety and Standards Boards (RSSB) LTD. RSSB Core Report},
  year={2010}
}

@book{schlenoff2000process,
  title={The process specification language (PSL) overview and version 1.0 specification},
  author={Schlenoff, Craig and Schlenoff, Craig and Tissot, Florence and Valois, John and Lee, Jintae},
  year={2000},
  publisher={Citeseer}
}

@article{tranfield2003towards,
  title={Towards a methodology for developing evidence-informed management knowledge by means of systematic review},
  author={Tranfield, David and Denyer, David and Smart, Palminder},
  journal={British journal of management},
  volume={14},
  number={3},
  pages={207--222},
  year={2003},
  publisher={Wiley Online Library}
}

@inproceedings{liu2013ontologies,
  title={Ontologies for crisis management: A review of state of the art in ontology design and usability.},
  author={Liu, Shuming and Brewster, Christopher and Shaw, Duncan},
  booktitle={ISCRAM},
  pages={1--10},
  year={2013}
}

@incollection{borgo2007foundations,
  title={Foundations for a core ontology of manufacturing},
  author={Borgo, Stefano and Leit{\~a}o, Paulo},
  booktitle={Ontologies},
  pages={751--775},
  year={2007},
  publisher={Springer}
}

@article{lin2007manufacturing,
  title={A manufacturing system engineering ontology model on the semantic web for inter-enterprise collaboration},
  author={Lin, Hsiao-Kang and Harding, Jenny A},
  journal={Computers in Industry},
  volume={58},
  number={5},
  pages={428--437},
  year={2007},
  publisher={Elsevier}
}

@inproceedings{lemaignan2006mason,
  title={MASON: A proposal for an ontology of manufacturing domain},
  author={Lemaignan, Severin and Siadat, Ali and Dantan, J-Y and Semenenko, Anatoli},
  booktitle={IEEE Workshop on Distributed Intelligent Systems: Collective Intelligence and Its Applications (DIS'06)},
  pages={195--200},
  year={2006},
  organization={IEEE}
}

@inproceedings{ameri2006upper,
  title={An upper ontology for manufacturing service description},
  author={Ameri, Farhad and Dutta, Debasish},
  booktitle={ASME 2006 international design engineering technical conferences and computers and information in engineering conference},
  pages={651--661},
  year={2006},
  organization={American Society of Mechanical Engineers Digital Collection}
}

@article{ameri2014semantic,
  title={Semantic rule modelling for intelligent supplier discovery},
  author={Ameri, Farhad and McArthur, Christian},
  journal={International Journal of Computer Integrated Manufacturing},
  volume={27},
  number={6},
  pages={570--590},
  year={2014},
  publisher={Taylor \& Francis}
}

@inproceedings{usman2011manufacturing,
  title={A manufacturing core concepts ontology for product lifecycle interoperability},
  author={Usman, Zahid and Young, Robert Ian Marr and Chungoora, Nitishal and Palmer, Claire and Case, Keith and Harding, Jenny},
  booktitle={International IFIP Working Conference on Enterprise Interoperability},
  pages={5--18},
  year={2011},
  organization={Springer}
}

@incollection{borgo2007foundations,
  title={Foundations for a core ontology of manufacturing},
  author={Borgo, Stefano and Leit{\~a}o, Paulo},
  booktitle={Ontologies},
  pages={751--775},
  year={2007},
  publisher={Springer}
}

@article{usman2013towards,
  title={Towards a formal manufacturing reference ontology},
  author={Usman, Zahid and Young, RIM and Chungoora, Nitishal and Palmer, Claire and Case, Keith and Harding, Jennifer A},
  journal={International Journal of Production Research},
  volume={51},
  number={22},
  pages={6553--6572},
  year={2013},
  publisher={Taylor \& Francis}
}

@article{widodo2007support,
  title={Support vector machine in machine condition monitoring and fault diagnosis},
  author={Widodo, Achmad and Yang, Bo-Suk},
  journal={Mechanical systems and signal processing},
  volume={21},
  number={6},
  pages={2560--2574},
  year={2007},
  publisher={Elsevier}
}

@book{rao1996handbook,
  title={Handbook of condition monitoring},
  author={Rao, BKN},
  year={1996},
  publisher={Elsevier}
}

@article{nunez2017ontology,
  title={An ontology-based model for prognostics and health management of machines},
  author={Nunez, David Lira and Borsato, Milton},
  journal={Journal of Industrial Information Integration},
  volume={6},
  pages={33--46},
  year={2017},
  publisher={Elsevier}
}

@article{maleki2018ontology,
  title={Ontology-based framework enabling smart product-service systems: Application of sensing systems for machine health monitoring},
  author={Maleki, Elaheh and Belkadi, Farouk and Boli, Nikoletta and Van Der Zwaag, Berend Jan and Alexopoulos, Kosmas and Koukas, Spyridon and Marin-Perianu, Mihai and Bernard, Alain and Mourtzis, Dimitris},
  journal={IEEE Internet of Things Journal},
  volume={5},
  number={6},
  pages={4496--4505},
  year={2018},
  publisher={IEEE}
}

@article{cao2019smart,
  title={Smart Condition Monitoring for Industry 4.0 Manufacturing Processes: An Ontology-Based Approach},
  author={Cao, Qiushi and Giustozzi, Franco and Zanni-Merk, Cecilia and de Bertrand de Beuvron, Fran{\c{c}}ois and Reich, Christoph},
  journal={Cybernetics and Systems},
  pages={1--15},
  year={2019},
  publisher={Taylor \& Francis}
}

@article{medina2014predictive,
  title={Predictive diagnosis based on a fleet-wide ontology approach},
  author={Medina-Oliva, Gabriela and Voisin, Alexandre and Monnin, Maxime and Leger, Jean-Baptiste},
  journal={Knowledge-Based Systems},
  volume={68},
  pages={40--57},
  year={2014},
  publisher={Elsevier}
}

@article{nunez2018ontoprog,
  title={OntoProg: An ontology-based model for implementing Prognostics Health Management in mechanical machines},
  author={Nu{\~n}ez, David Lira and Borsato, Milton},
  journal={Advanced Engineering Informatics},
  volume={38},
  pages={746--759},
  year={2018},
  publisher={Elsevier}
}


@article{grall2002continuous,
  title={Continuous-time predictive-maintenance scheduling for a deteriorating system},
  author={Grall, Antoine and Dieulle, Laurence and B{\'e}renguer, Christophe and Roussignol, Michel},
  journal={IEEE transactions on reliability},
  volume={51},
  number={2},
  pages={141--150},
  year={2002},
  publisher={IEEE}
}

@article{ansari2019prima,
  title={PriMa: a prescriptive maintenance model for cyber-physical production systems},
  author={Ansari, Fazel and Glawar, Robert and Nemeth, Tanja},
  journal={International Journal of Computer Integrated Manufacturing},
  pages={1--22},
  year={2019},
  publisher={Taylor \& Francis}
}

@article{choudhary2009data,
  title={Data mining in manufacturing: a review based on the kind of knowledge},
  author={Choudhary, Alok Kumar and Harding, Jenny A and Tiwari, Manoj Kumar},
  journal={Journal of Intelligent Manufacturing},
  volume={20},
  number={5},
  pages={501},
  year={2009},
  publisher={Springer}
}

@article{cram2012complete,
  title={A complete chronicle discovery approach: application to activity analysis},
  author={Cram, Damien and Mathern, Beno{\^\i}t and Mille, Alain},
  journal={Expert Systems},
  volume={29},
  number={4},
  pages={321--346},
  year={2012},
  publisher={Wiley Online Library}
}

@article{lee2015cyber,
  title={A cyber-physical systems architecture for industry 4.0-based manufacturing systems},
  author={Lee, Jay and Bagheri, Behrad and Kao, Hung-An},
  journal={Manufacturing letters},
  volume={3},
  pages={18--23},
  year={2015},
  publisher={Elsevier}
}

@article{efthymiou2012predictive,
  title={On a predictive maintenance platform for production systems},
  author={Efthymiou, K and Papakostas, N and Mourtzis, D and Chryssolouris, G},
  journal={Procedia CIRP},
  volume={3},
  pages={221--226},
  year={2012},
  publisher={Elsevier}
}

@article{gruber1993translation,
  title={A translation approach to portable ontology specifications},
  author={Gruber, Thomas R},
  journal={Knowledge acquisition},
  volume={5},
  number={2},
  pages={199--220},
  year={1993},
  publisher={Elsevier}
}

@inproceedings{monnin2011fleet,
  title={Fleet historical cases for predictive maintenance},
  author={Monnin, Maxime and Abichou, Bouthaina and Voisin, Alexandre and Mozzati, Christophe},
  booktitle={The International Conference Surveillance},
  volume={6},
  pages={25--26},
  year={2011}
}

@article{shingler2008rcm,
  title={From RCM to predictive maintenance: The InteGRail approach},
  author={Shingler, R and Fadin, G and Umiliacchi, P},
  year={2008},
  publisher={IET}
}

@article{umiliacchi2005ec,
  title={EC projects for railway interoperability},
  author={Umiliacchi, P},
  journal={ITS Hannover 2005},
  year={2005}
}

@inproceedings{umiliacchi2006new,
  title={A new approach to optimisation through intelligent integration of railway systems: the InteGRail project},
  author={Umiliacchi, Paolo and Shingler, Roger and Langer, Gerhard and Henning, Uwe},
  booktitle={Proceedings of the 7th WCRR, World Conference on Railway Research},
  year={2006}
}


@article{lee2014service,
  title={Service innovation and smart analytics for industry 4.0 and big data environment},
  author={Lee, Jay and Kao, Hung-An and Yang, Shanhu},
  journal={Procedia Cirp},
  volume={16},
  pages={3--8},
  year={2014},
  publisher={Elsevier}
}

@article{lasi2014industry,
  title={Industry 4.0},
  author={Lasi, Heiner and Fettke, Peter and Kemper, Hans-Georg and Feld, Thomas and Hoffmann, Michael},
  journal={Business \& information systems engineering},
  volume={6},
  number={4},
  pages={239--242},
  year={2014},
  publisher={Springer}
}

@article{zhou2015research,
  title={A research on intelligent fault diagnosis of wind turbines based on ontology and FMECA},
  author={Zhou, Anmei and Yu, Dejie and Zhang, Wenyi},
  journal={Advanced Engineering Informatics},
  volume={29},
  number={1},
  pages={115--125},
  year={2015},
  publisher={Elsevier}
}

@inproceedings{papadopoulos2009wind,
  title={Wind turbines' condition monitoring: an ontology model},
  author={Papadopoulos, Panagiotis and Cipcigan, Liana},
  booktitle={2009 International Conference on Sustainable Power Generation and Supply},
  pages={1--4},
  year={2009},
  organization={IEEE}
}

@inproceedings{emmanouilidis2010condition,
  title={Condition monitoring based on incremental learning and domain ontology for condition-based maintenance},
  author={Emmanouilidis, Christos and Fumagalli, Luca and Jantunen, Erkki and Pistofidis, Petros and Macchi, Marco and Garetti, Marco and others},
  booktitle={11th International Conference on Advances in Production Management Systems, APMS},
  year={2010}
}

@incollection{fensel2001ontologies,
  title={Ontologies},
  author={Fensel, Dieter},
  booktitle={Ontologies},
  pages={11--18},
  year={2001},
  publisher={Springer}
}

@misc{noy2001ontology,
  title={Ontology development 101: A guide to creating your first ontology},
  author={Noy, Natalya F and McGuinness, Deborah L and others},
  year={2001},
  publisher={Stanford knowledge systems laboratory technical report KSL-01-05 and~…}
}


@article{horrocks2004swrl,
  title={SWRL: A semantic web rule language combining OWL and RuleML},
  author={Horrocks, Ian and Patel-Schneider, Peter F and Boley, Harold and Tabet, Said and Grosof, Benjamin and Dean, Mike and others},
  journal={W3C Member submission},
  volume={21},
  number={79},
  year={2004}
}

@article{ansari2019prima,
  title={PriMa: a prescriptive maintenance model for cyber-physical production systems},
  author={Ansari, Fazel and Glawar, Robert and Nemeth, Tanja},
  journal={International Journal of Computer Integrated Manufacturing},
  pages={1--22},
  year={2019},
  publisher={Taylor \& Francis}
}

@book{kolodner2014case,
  title={Case-based reasoning},
  author={Kolodner, Janet},
  year={2014},
  publisher={Morgan Kaufmann}
}

@article{avizienis2004basic,
  title={Basic concepts and taxonomy of dependable and secure computing},
  author={Avizienis, Algirdas and Laprie, J-C and Randell, Brian and Landwehr, Carl},
  journal={IEEE transactions on dependable and secure computing},
  volume={1},
  number={1},
  pages={11--33},
  year={2004},
  publisher={IEEE}
}

@article{coradeschi2003introduction,
  title={An introduction to the anchoring problem},
  author={Coradeschi, Silvia and Saffiotti, Alessandro},
  journal={Robotics and Autonomous Systems},
  volume={43},
  number={2-3},
  pages={85--96},
  year={2003},
  publisher={Elsevier}
}

@incollection{guizzardi2010using,
  title={Using the unified foundational ontology (UFO) as a foundation for general conceptual modeling languages},
  author={Guizzardi, Giancarlo and Wagner, Gerd},
  booktitle={Theory and Applications of Ontology: Computer Applications},
  pages={175--196},
  year={2010},
  publisher={Springer}
}

@article{bezdek1984fcm,
  title={FCM: The fuzzy c-means clustering algorithm},
  author={Bezdek, James C and Ehrlich, Robert and Full, William},
  journal={Computers \& Geosciences},
  volume={10},
  number={2-3},
  pages={191--203},
  year={1984},
  publisher={Elsevier}
}

@article{alsabti1997efficient,
  title={An efficient k-means clustering algorithm},
  author={Alsabti, Khaled and Ranka, Sanjay and Singh, Vineet},
  year={1997}
}

@article{dave1996validating,
  title={Validating fuzzy partitions obtained through c-shells clustering},
  author={Dave, Rajesh N},
  journal={Pattern recognition letters},
  volume={17},
  number={6},
  pages={613--623},
  year={1996},
  publisher={Elsevier}
}

@article{martin2014qar,
  title={QAR-CIP-NSGA-II: A new multi-objective evolutionary algorithm to mine quantitative association rules},
  author={Mart{\'\i}n, D and Rosete, Alejandro and Alcal{\'a}-Fdez, Jes{\'u}s and Herrera, Francisco},
  journal={Information Sciences},
  volume={258},
  pages={1--28},
  year={2014},
  publisher={Elsevier}
}

@article{bobillo2011fuzzy,
  title={Fuzzy ontology representation using OWL 2},
  author={Bobillo, Fernando and Straccia, Umberto},
  journal={International Journal of Approximate Reasoning},
  volume={52},
  number={7},
  pages={1073--1094},
  year={2011},
  publisher={Elsevier}
}

@article{ortega2017non,
  title={Non-dominated sorting procedure for Pareto dominance ranking on multicore CPU and/or GPU},
  author={Ortega, G and Filatovas, Ernestas and Garz{\'o}n, EM and Casado, Leocadio G},
  journal={Journal of Global Optimization},
  volume={69},
  number={3},
  pages={607--627},
  year={2017},
  publisher={Springer}
}

@inproceedings{ishibuchi2004evolutionary,
  title={Evolutionary multiobjective knowledge extraction for high-dimensional pattern classification problems},
  author={Ishibuchi, Hisao and Namba, Satoshi},
  booktitle={International Conference on Parallel Problem Solving from Nature},
  pages={1123--1132},
  year={2004},
  organization={Springer}
}

@inproceedings{de2005developments,
  title={Developments on a multi-objective metaheuristic (MOMH) algorithm for finding interesting sets of classification rules},
  author={de la Iglesia, Beatriz and Reynolds, Alan and Rayward-Smith, Vic J},
  booktitle={International Conference on Evolutionary Multi-Criterion Optimization},
  pages={826--840},
  year={2005},
  organization={Springer}
}

@inproceedings{de2003data,
  title={Data mining rules using multi-objective evolutionary algorithms},
  author={De La Iglesia, Beatriz and Philpott, Mark S and Bagnall, Anthony J and Rayward-Smith, Vic J},
  booktitle={The 2003 Congress on Evolutionary Computation, 2003. CEC'03.},
  volume={3},
  pages={1552--1559},
  year={2003},
  organization={IEEE}
}

@inproceedings{sikora2011data,
  title={Data-driven adaptive selection of rules quality measures for improving the rules induction algorithm},
  author={Sikora, Marek and Wr{\'o}bel, {\L}ukasz},
  booktitle={International Workshop on Rough Sets, Fuzzy Sets, Data Mining, and Granular-Soft Computing},
  pages={278--285},
  year={2011},
  organization={Springer}
}

@book{bezdek1999fuzzy,
  title={Fuzzy models and algorithms for pattern recognition and image processing},
  author={Bezdek, James C and Keller, James and Krisnapuram, Raghu and Pal, Nikhil},
  volume={4},
  year={1999},
  publisher={Springer Science \& Business Media}
}

@inproceedings{an1999empirical,
  title={An empirical study on rule quality measures},
  author={An, Aijun and Cercone, Nick},
  booktitle={International Workshop on Rough Sets, Fuzzy Sets, Data Mining, and Granular-Soft Computing},
  pages={482--491},
  year={1999},
  organization={Springer}
}

@inproceedings{sikora2006rule,
  title={Rule quality measures in creation and reduction of data rule models},
  author={Sikora, Marek},
  booktitle={International Conference on Rough Sets and Current Trends in Computing},
  pages={716--725},
  year={2006},
  organization={Springer}
}

@article{pal1995cluster,
  title={On cluster validity for the fuzzy c-means model},
  author={Pal, Nikhil R and Bezdek, James C},
  journal={IEEE Transactions on Fuzzy systems},
  volume={3},
  number={3},
  pages={370--379},
  year={1995},
  publisher={IEEE}
}

@article{bratasanu2010bridging,
  title={Bridging the semantic gap for satellite image annotation and automatic mapping applications},
  author={Bratasanu, Dragos and Nedelcu, Ion and Datcu, Mihai},
  journal={IEEE Journal of Selected Topics in Applied Earth Observations and Remote Sensing},
  volume={4},
  number={1},
  pages={193--204},
  year={2010},
  publisher={IEEE}
}

@article{steels1985second,
  title={Second generation expert systems},
  author={Steels, Luc},
  journal={Future generation computer systems},
  volume={1},
  number={4},
  pages={213--221},
  year={1985},
  publisher={Elsevier}
}

@article{abraham2005rule,
  title={Rule-Based expert systems},
  author={Abraham, Ajith},
  journal={Handbook of measuring system design},
  year={2005},
  publisher={Wiley Online Library}
}

@article{mercier2008refined,
  title={Refined modeling of sensor reliability in the belief function framework using contextual discounting},
  author={Mercier, David and Quost, Benjamin and Den{\oe}ux, Thierry},
  journal={Information fusion},
  volume={9},
  number={2},
  pages={246--258},
  year={2008},
  publisher={Elsevier}
}

@inproceedings{mercier2010extending,
  title={Extending the contextual discounting of a belief function thanks to its canonical disjunctive decomposition},
  author={Mercier, David},
  booktitle={1st Workshop on Belief Functions},
  year={2010}
}

@inproceedings{elouedi2010discountings,
  title={Discountings of a belief function using a confusion matrix},
  author={Elouedi, Zied and Lef{\`e}vre, Eric and Mercier, David},
  booktitle={2010 22nd IEEE International Conference on Tools with Artificial Intelligence},
  volume={1},
  pages={287--294},
  year={2010},
  organization={IEEE}
}

@article{zhang2015health,
  title={Health-CPS: Healthcare cyber-physical system assisted by cloud and big data},
  author={Zhang, Yin and Qiu, Meikang and Tsai, Chun-Wei and Hassan, Mohammad Mehedi and Alamri, Atif},
  journal={IEEE Systems Journal},
  volume={11},
  number={1},
  pages={88--95},
  year={2015},
  publisher={IEEE}
}

@inproceedings{o2009sqwrl,
  title={SQWRL: a query language for OWL.},
  author={O'Connor, Martin J and Das, Amar K},
  booktitle={OWLED},
  volume={529},
  number={2009},
  year={2009}
}

@article{stone1974cross,
  title={Cross-validatory choice and assessment of statistical predictions},
  author={Stone, Mervyn},
  journal={Journal of the Royal Statistical Society: Series B (Methodological)},
  volume={36},
  number={2},
  pages={111--133},
  year={1974},
  publisher={Wiley Online Library}
}

@inproceedings{sellami2018frequent,
  title={Frequent Chronicle Mining: Application on Predictive Maintenance},
  author={Sellami, Chayma and Samet, Ahmed and Tobji, Mohamed Anis Bach},
  booktitle={2018 17th IEEE International Conference on Machine Learning and Applications (ICMLA)},
  pages={1388--1393},
  year={2018},
  organization={IEEE}
}

@inproceedings{agrawal1995mining,
  title={Mining sequential patterns},
  author={Agrawal, Rakesh and Srikant, Ramakrishnan and others},
  booktitle={icde},
  volume={95},
  number={1995},
  pages={3--14},
  year={1995}
}

@article{cao2019smart,
  title={Smart Condition Monitoring for Industry 4.0 Manufacturing Processes: An Ontology-Based Approach},
  author={Cao, Qiushi and Giustozzi, Franco and Zanni-Merk, Cecilia and de Bertrand de Beuvron, Fran{\c{c}}ois and Reich, Christoph},
  journal={Cybernetics and Systems},
  pages={1--15},
  year={2019},
  publisher={Taylor \& Francis}
}

@incollection{nayak2015fuzzy,
  title={Fuzzy C-means (FCM) clustering algorithm: a decade review from 2000 to 2014},
  author={Nayak, Janmenjoy and Naik, Bighnaraj and Behera, HS},
  booktitle={Computational intelligence in data mining-volume 2},
  pages={133--149},
  year={2015},
  publisher={Springer}
}

@article{chuang2006fuzzy,
  title={Fuzzy c-means clustering with spatial information for image segmentation},
  author={Chuang, Keh-Shih and Tzeng, Hong-Long and Chen, Sharon and Wu, Jay and Chen, Tzong-Jer},
  journal={computerized medical imaging and graphics},
  volume={30},
  number={1},
  pages={9--15},
  year={2006},
  publisher={Elsevier}
}

@article{ashburner2000gene,
  title={Gene ontology: tool for the unification of biology},
  author={Ashburner, Michael and Ball, Catherine A and Blake, Judith A and Botstein, David and Butler, Heather and Cherry, J Michael and Davis, Allan P and Dolinski, Kara and Dwight, Selina S and Eppig, Janan T and others},
  journal={Nature genetics},
  volume={25},
  number={1},
  pages={25},
  year={2000},
  publisher={Nature Publishing Group}
}

@article{mcguinness2004owl,
  title={OWL web ontology language overview},
  author={McGuinness, Deborah L and Van Harmelen, Frank and others},
  journal={W3C recommendation},
  volume={10},
  number={10},
  pages={2004},
  year={2004}
}

@article{bobillo2011fuzzy,
  title={Fuzzy ontology representation using OWL 2},
  author={Bobillo, Fernando and Straccia, Umberto},
  journal={International Journal of Approximate Reasoning},
  volume={52},
  number={7},
  pages={1073--1094},
  year={2011},
  publisher={Elsevier}
}

@inproceedings{fudholi2009application,
  title={Application of Prot{\'e}g{\'e}, SWRL and SQWRL in fuzzy ontology-based menu recommendation},
  author={Fudholi, Dhomas Hatta and Maneerat, Noppadol and Varakulsiripunth, Ruttikorn and Kato, Yasushi},
  booktitle={2009 International Symposium on Intelligent Signal Processing and Communication Systems (ISPACS)},
  pages={631--634},
  year={2009},
  organization={IEEE}
}

@article{gennari2003evolution,
  title={The evolution of Prot{\'e}g{\'e}: an environment for knowledge-based systems development},
  author={Gennari, John H and Musen, Mark A and Fergerson, Ray W and Grosso, William E and Crub{\'e}zy, Monica and Eriksson, Henrik and Noy, Natalya F and Tu, Samson W},
  journal={International Journal of Human-computer studies},
  volume={58},
  number={1},
  pages={89--123},
  year={2003},
  publisher={Elsevier}
}

@article{horrocks2004swrl,
  title={SWRL: A semantic web rule language combining OWL and RuleML},
  author={Horrocks, Ian and Patel-Schneider, Peter F and Boley, Harold and Tabet, Said and Grosof, Benjamin and Dean, Mike and others},
  journal={W3C Member submission},
  volume={21},
  number={79},
  year={2004}
}

@article{hirate2006generalized,
  title={Generalized Sequential Pattern Mining with Item Intervals.},
  author={Hirate, Yu and Yamana, Hayato},
  journal={JCP},
  volume={1},
  number={3},
  pages={51--60},
  year={2006}
}

@misc{Dua:2019,
author = "Dua, Dheeru and Graff, Casey",
year = "2017",
title = "{UCI} Machine Learning Repository",
url = "http://archive.ics.uci.edu/ml",
institution = "University of California, Irvine, School of Information and Computer Sciences" }

@article{horridge2011owl,
  title={The owl api: A java api for owl ontologies},
  author={Horridge, Matthew and Bechhofer, Sean},
  journal={Semantic Web},
  volume={2},
  number={1},
  pages={11--21},
  year={2011},
  publisher={IOS Press}
}

@inproceedings{o2008swrlapi,
  title={The SWRLAPI: A Development Environment for Working with SWRL Rules.},
  author={O'Connor, Martin J and Shankar, Ravi D and Musen, Mark A and Das, Amar K and Nyulas, Csongor},
  booktitle={OWLED},
  year={2008}
}

@book{bali2009drools,
  title={Drools JBoss Rules 5.0 Developer's Guide},
  author={Bali, Michal},
  year={2009},
  publisher={Packt Publishing Ltd}
}

@article{guyon2003introduction,
  title={An introduction to variable and feature selection},
  author={Guyon, Isabelle and Elisseeff, Andr{\'e}},
  journal={Journal of machine learning research},
  volume={3},
  number={Mar},
  pages={1157--1182},
  year={2003}
}

@inproceedings{sellami2018frequent,
  title={Frequent Chronicle Mining: Application on Predictive Maintenance},
  author={Sellami, Chayma and Samet, Ahmed and Tobji, Mohamed Anis Bach},
  booktitle={2018 17th IEEE International Conference on Machine Learning and Applications (ICMLA)},
  pages={1388--1393},
  year={2018},
  organization={IEEE}
}

@inproceedings{wang2004ontology,
  title={Ontology Based Context Modeling and Reasoning using OWL.},
  author={Wang, Xiaohang and Zhang, Daqing and Gu, Tao and Pung, Hung Keng and others},
  booktitle={Percom workshops},
  volume={18},
  pages={22},
  year={2004},
  organization={Citeseer}
}

@inproceedings{yan2003clospan,
  title={CloSpan: Mining: Closed sequential patterns in large datasets},
  author={Yan, Xifeng and Han, Jiawei and Afshar, Ramin},
  booktitle={Proceedings of the 2003 SIAM international conference on data mining},
  pages={166--177},
  year={2003},
  organization={SIAM}
}

@inproceedings{novakovic2009using,
  title={Using information gain attribute evaluation to classify sonar targets},
  author={Novakovic, Jasmina},
  booktitle={17th Telecommunications forum TELFOR},
  pages={1351--1354},
  year={2009}
}

@inproceedings{wang2004ontology,
  title={Ontology Based Context Modeling and Reasoning using OWL.},
  author={Wang, Xiaohang and Zhang, Daqing and Gu, Tao and Pung, Hung Keng and others},
  booktitle={Percom workshops},
  volume={18},
  pages={22},
  year={2004},
  organization={Citeseer}
}

@inproceedings{gu2004ontology,
  title={An ontology-based context model in intelligent environments},
  author={Gu, Tao and Wang, Xiao Hang and Pung, Hung Keng and Zhang, Da Qing},
  booktitle={Proceedings of communication networks and distributed systems modeling and simulation conference},
  volume={2004},
  pages={270--275},
  year={2004},
  organization={San Diego, CA, USA.}
}

@inproceedings{preuveneers2004towards,
  title={Towards an extensible context ontology for ambient intelligence},
  author={Preuveneers, Davy and Van den Bergh, Jan and Wagelaar, Dennis and Georges, Andy and Rigole, Peter and Clerckx, Tim and Berbers, Yolande and Coninx, Karin and Jonckers, Viviane and De Bosschere, Koen},
  booktitle={European Symposium on Ambient Intelligence},
  pages={148--159},
  year={2004},
  organization={Springer}
}

@article{ding2016construction,
  title={Construction risk knowledge management in BIM using ontology and semantic web technology},
  author={Ding, LY and Zhong, BT and Wu, Song and Luo, HB},
  journal={Safety science},
  volume={87},
  pages={202--213},
  year={2016},
  publisher={Elsevier}
}

@article{hirate2006generalized,
  title={Generalized Sequential Pattern Mining with Item Intervals.},
  author={Hirate, Yu and Yamana, Hayato},
  journal={JCP},
  volume={1},
  number={3},
  pages={51--60},
  year={2006}
}

@inproceedings{yoshida2000mining,
  title={Mining sequential patterns including time intervals},
  author={Yoshida, Mariko and Iizuka, Tetsuya and Shiohara, Hisako and Ishiguro, Masanori},
  booktitle={Data Mining and Knowledge Discovery: Theory, Tools, and Technology II},
  volume={4057},
  pages={213--220},
  year={2000},
  organization={International Society for Optics and Photonics}
}

@article{fournier2017survey,
  title={A survey of sequential pattern mining},
  author={Fournier-Viger, Philippe and Lin, Jerry Chun-Wei and Kiran, Rage Uday and Koh, Yun Sing and Thomas, Rincy},
  journal={Data Science and Pattern Recognition},
  volume={1},
  number={1},
  pages={54--77},
  year={2017}
}

@article{slimani2013sequential,
  title={Sequential mining: patterns and algorithms analysis},
  author={Slimani, Thabet and Lazzez, Amor},
  journal={arXiv preprint arXiv:1311.0350},
  year={2013}
}

@inproceedings{agrawal1994fast,
  title={Fast algorithms for mining association rules},
  author={Agrawal, Rakesh and Srikant, Ramakrishnan and others},
  booktitle={Proc. 20th int. conf. very large data bases, VLDB},
  volume={1215},
  pages={487--499},
  year={1994}
}

@article{sellami2019mining,
  title={On mining frequent chronicles for machine failure prediction},
  author={Sellami, Chayma and Miranda, Carlos and Samet, Ahmed and Tobji, Mohamed Anis Bach and de Beuvron, Fran{\c{c}}ois},
  journal={Journal of Intelligent Manufacturing},
  pages={1--17},
  year={2019},
  publisher={Springer}
}

@inproceedings{gomariz2013clasp,
  title={ClaSP: An efficient algorithm for mining frequent closed sequences},
  author={Gomariz, Antonio and Campos, Manuel and Marin, Roque and Goethals, Bart},
  booktitle={Pacific-Asia Conference on Knowledge Discovery and Data Mining},
  pages={50--61},
  year={2013},
  organization={Springer}
}

@inproceedings{yan2003clospan,
  title={CloSpan: Mining: Closed sequential patterns in large datasets},
  author={Yan, Xifeng and Han, Jiawei and Afshar, Ramin},
  booktitle={Proceedings of the 2003 SIAM international conference on data mining},
  pages={166--177},
  year={2003},
  organization={SIAM}
}

@article{ramirez2016data,
  title={Data discretization: taxonomy and big data challenge},
  author={Ram{\'\i}rez-Gallego, Sergio and Garc{\'\i}a, Salvador and Mouri{\~n}o-Tal{\'\i}n, H{\'e}ctor and Mart{\'\i}nez-Rego, David and Bol{\'o}n-Canedo, Ver{\'o}nica and Alonso-Betanzos, Amparo and Ben{\'\i}tez, Jos{\'e} Manuel and Herrera, Francisco},
  journal={Wiley Interdisciplinary Reviews: Data Mining and Knowledge Discovery},
  volume={6},
  number={1},
  pages={5--21},
  year={2016},
  publisher={Wiley Online Library}
}

@inproceedings{pei2002mining,
  title={Mining sequential patterns with constraints in large databases},
  author={Pei, Jian and Han, Jiawei and Wang, Wei},
  booktitle={Proceedings of the eleventh international conference on Information and knowledge management},
  pages={18--25},
  year={2002}
}

@article{masson2008ecm,
  title={ECM: An evidential version of the fuzzy c-means algorithm},
  author={Masson, Marie-H{\'e}l{\`e}ne and Denoeux, Thierry},
  journal={Pattern Recognition},
  volume={41},
  number={4},
  pages={1384--1397},
  year={2008},
  publisher={Elsevier}
}

@article{garcia2006simap,
  title={SIMAP: Intelligent System for Predictive Maintenance: Application to the health condition monitoring of a windturbine gearbox},
  author={Garcia, Mari Cruz and Sanz-Bobi, Miguel A and Del Pico, Javier},
  journal={Computers in Industry},
  volume={57},
  number={6},
  pages={552--568},
  year={2006},
  publisher={Elsevier}
}

@article{hashemian2011state,
  title={State-of-the-art predictive maintenance techniques},
  author={Hashemian, Hashem M},
  journal={IEEE Transactions on Instrumentation and measurement},
  volume={60},
  number={1},
  pages={226--236},
  year={2011},
  publisher={IEEE}
}

@article{grall2002continuous,
  title={Continuous-time predictive-maintenance scheduling for a deteriorating system},
  author={Grall, Antoine and Dieulle, Laurence and B{\'e}renguer, Christophe and Roussignol, Michel},
  journal={IEEE transactions on reliability},
  volume={51},
  number={2},
  pages={141--150},
  year={2002},
  publisher={IEEE}
}

@article{suwa1982approach,
  title={An approach to verifying completeness and consistency in a rule-based expert system},
  author={Suwa, Motoi and Scott, A Carlisle and Shortliffe, Edward H},
  journal={Ai Magazine},
  volume={3},
  number={4},
  pages={16--16},
  year={1982}
}

@article{cao2019smart,
  title={Smart Condition Monitoring for Industry 4.0 Manufacturing Processes: An Ontology-Based Approach},
  author={Cao, Qiushi and Giustozzi, Franco and Zanni-Merk, Cecilia and de Bertrand de Beuvron, Fran{\c{c}}ois and Reich, Christoph},
  journal={Cybernetics and Systems},
  pages={1--15},
  year={2019},
  publisher={Taylor \& Francis}
}

% Encoding: windows-1252


@Article{Brah11,
  Title                    = {Towards a Multiagent-Based Distributed Intrusion Detection System Using Data Mining Approaches},
  Author                   = {I. Brahmi and S. {Ben Yahia} and H. Aouadi and P. Poncelet},
  Journal                  = {in Proceedings of the 7th international conference on Agents and Data Mining Interaction, ADMI'11, Taipei, Taiwan},
  Year                     = {2011},
  Pages                    = {173-194},

  Bibsource                = {DBLP, http://dblp.uni-trier.de},
  Crossref                 = {DBLP:conf/admi/2011},
  Ee                       = {http://dx.doi.org/10.1007/978-3-642-27609-5_12}
}

@Article{Sm88,
  Title                    = {Belief functions},
  Author                   = {Smets, Ph.},
  Journal                  = {in {N}on {S}tandard {L}ogics for {A}utomated {R}easoning},
  Year                     = {1988},
  Pages                    = {253-286},

  Crossref                 = {scordes88},
  Owner                    = {Ahmed},
  Timestamp                = {2012.12.20}
}

@Book{Agg13,
  Title                    = {Outlier analysis},
  Author                   = {Aggarwal, Charu C},
  Publisher                = {Springer Science \& Business Media},
  Year                     = {2013}
}

@Article{Agg09,
  Title                    = {Frequent pattern mining with uncertain data},
  Author                   = {Aggarwal, Charu C and Li, Yan and Wang, Jianyong and Wang, Jing},
  Journal                  = {In Proceedings of the 15th ACM SIGKDD international conference on Knowledge discovery and data mining, Paris, France},
  Year                     = {2009},
  Pages                    = {29--38},

  Organization             = {ACM}
}

@Article{Agg08,
  Title                    = {Outlier Detection with Uncertain Data.},
  Author                   = {Aggarwal, Charu C and Philip, S Yu},
  Journal                  = {In Proceeding of SIAM International Conference on Data Mining, Atlanta, Georgia},
  Year                     = {2008},
  Pages                    = {483--493},

  Booktitle                = {SDM},
  Organization             = {SIAM}
}

@Book{Agg10,
  Title                    = {Managing and Mining Uncertain Data},
  Author                   = {Aggarwal, C-C.},
  Publisher                = {Springer},
  Year                     = {2010},
  Volume                   = {3}
}

@Article{Agr93,
  Title                    = {Mining Association Rules Between Sets of Items in Large Databases},
  Author                   = {R. Agrawal and T. Imieli\'{n}ski and A. Swami},
  Journal                  = {SIGMOD Rec.},
  Year                     = {1993},
  Number                   = {2},
  Pages                    = {207-216},
  Volume                   = {22},

  Address                  = {New York, NY, USA},
  Issue_date               = {June 1, 1993},
  Numpages                 = {10},
  Publisher                = {ACM}
}

@Article{Agr94,
  Title                    = {Fast algorithm for mining association rules},
  Author                   = {R. Agrawal and R. Srikant},
  Journal                  = {In Proceedings of international conference on {V}ery {L}arge {D}ata{B}ases, {VLDB}, Santiago de Chile, Chile},
  Year                     = {1994},
  Pages                    = {487-499},

  Owner                    = {Ahmed},
  Timestamp                = {2012.12.12}
}

@Article{ang02,
  Title                    = {Fast Outlier Detection in High Dimensional Spaces},
  Author                   = {Angiulli, F. and Pizzuti, C.},
  Journal                  = {In Proceeding of 6th European Conference on Principles of Data Mining and Knowledge Discovery, PKDD 2002, Helsinki, Finland},
  Year                     = {2002},
  Pages                    = {15-27},
  Volume                   = {2431},

  Booktitle                = {Principles of Data Mining and Knowledge Discovery},
  Editor                   = {Elomaa, Tapio and Mannila, Heikki and Toivonen, Hannu},
  ISBN                     = {978-3-540-44037-6},
  Language                 = {English},
  Owner                    = {Ahmed_HP},
  Publisher                = {Springer Berlin Heidelberg},
  Series                   = {Lecture Notes in Computer Science},
  Timestamp                = {2015.04.27}
}

@Article{App91,
  Title                    = {Probabilit{\'e}s et incertitude en fusion de donn{\'e}es multisenseurs},
  Author                   = {A. Appriou},
  Journal                  = {Revue Scientifique et Technique de la D{\'e}fense},
  Year                     = {1991},
  Pages                    = {2740},
  Volume                   = {11},

  Editor                   = {11:2740},
  Owner                    = {Administrateur},
  Publisher                = {Revue Scientifique et Technique de la D{\'e}fense},
  Timestamp                = {2011.08.25}
}

@Article{App05,
  Title                    = {Approche G{\'e}n{\'e}rique de la Gestion de Lincertain Dans Les Processus de FusionMulti Senseur},
  Author                   = {A. Appriou},
  Journal                  = {Traitement du Signal},
  Year                     = {2005},
  Number                   = {4},
  Pages                    = {307-319},
  Volume                   = {22},

  Owner                    = {admin},
  Timestamp                = {2012.06.03}
}

@Article{App02,
  Title                    = {D{\'e}cision et Reconnaissance Des Formes En Signal, Chapitre DiscriminationMulti Signal Par la Th{\'e}orie de L'{\'e}vidence},
  Author                   = {A. Appriou},
  Journal                  = {Hermes Science Publication},
  Year                     = {2002},
  Pages                    = {219-258},

  Owner                    = {admin},
  Timestamp                = {2012.06.03}
}

@Article{App99,
  Title                    = {Multisensor signal processing in the framework of the theory of evidence},
  Author                   = {Appriou, A.},
  Journal                  = {Application of Mathematical Signal Processing Techniques to Mission Systems},
  Year                     = {1999},
  Pages                    = {5--1}
}

@Article{Ayo11,
  Title                    = {Extracting compact and information lossless sets of fuzzy association rules},
  Author                   = {Sarra Ayouni and Sadok {Ben Yahia} and Anne Laurent},
  Journal                  = {Fuzzy Sets and Systems},
  Year                     = {2011},
  Number                   = {1},
  Pages                    = {1--25},
  Volume                   = {183},

  Bibsource                = {dblp computer science bibliography, http://dblp.org},
  Biburl                   = {http://dblp1.uni-trier.de/rec/bib/journals/fss/AyouniYL11}
}

@Article{Bach09,
  Title                    = {Incremental Maintenance of Frequent Itemsets in Evidential Databases},
  Author                   = {Bach Tobji, M. A. and Ben Yaghlane, B. and Mellouli, K.},
  Journal                  = {In Proceedings of the 10th European Conference on Symbolic and Quantitative Approaches to Reasoning with Uncertainty, Verona, Italy},
  Year                     = {2009},
  Pages                    = {457-468},

  Location                 = {Verona, Italy},
  Series                   = {ECSQARU '09}
}

@Article{bach08,
  Title                    = {Frequent Itemset Mining from Databases Including One Evidential Attribute},
  Author                   = {Bach Tobji, M. A and Ben Yaghlane, B and Mellouli, K},
  Journal                  = {In Proceedings of second international conference on Scalable Uncertainty Management, Napoli, Italy},
  Year                     = {2008},
  Pages                    = {19-32},
  Volume                   = {5291},

  Booktitle                = {Scalable Uncertainty Management},
  Owner                    = {user},
  Publisher                = {Springer Berlin Heidelberg},
  Series                   = {Lecture Notes in Computer Science},
  Timestamp                = {2013.05.29}
}

@Article{Bar12,
  Title                    = {I-prune: Item selection for associative classification},
  Author                   = {Baralis, Elena and Garza, Paolo},
  Journal                  = {International Journal of Intelligent Systems},
  Year                     = {2012},
  Number                   = {3},
  Pages                    = {279--299},
  Volume                   = {27},

  ISSN                     = {1098-111X},
  Owner                    = {Ahmed_HP},
  Publisher                = {Wiley Subscription Services, Inc., A Wiley Company},
  Timestamp                = {2016.01.14}
}

@Article{Bas00,
  Title                    = {Mining minimal non-redundant association rules using frequent closed itemsets},
  Author                   = {Y. Bastide and N. Pasquier and R. Taouil and L. Lakhal and G. Stumme},
  Journal                  = {In Proceedings of the International Conference DOOD2000, LNAI Springer-Verlag, London, UK},
  Year                     = {2000},
  Pages                    = {972-986},
  Volume                   = {volume 1861},

  Owner                    = {admin},
  Timestamp                = {2012.11.15}
}

@InCollection{Bas00,
  Title                    = {Mining Minimal Non-redundant Association Rules Using Frequent Closed Itemsets},
  Author                   = {Bastide, Yves and Pasquier, Nicolas and Taouil, Rafik and Stumme, Gerd and Lakhal, Lotfi},
  Booktitle                = {Computational Logic  CL 2000},
  Publisher                = {Springer Berlin Heidelberg},
  Year                     = {2000},
  Editor                   = {Lloyd, John and Dahl, Veronica and Furbach, Ulrich and Kerber, Manfred and Lau, Kung-Kiu and Palamidessi, Catuscia and Pereira, LuísMoniz and Sagiv, Yehoshua and Stuckey, PeterJ.},
  Pages                    = {972-986},
  Series                   = {Lecture Notes in Computer Science},
  Volume                   = {1861},

  Doi                      = {10.1007/3-540-44957-4_65},
  ISBN                     = {978-3-540-67797-0},
  Language                 = {English},
  Url                      = {http://dx.doi.org/10.1007/3-540-44957-4_65}
}

@Article{Bas02,
  Title                    = {Pascal: un algorithme d'extraction des motifs fr{\'e}quents},
  Author                   = {Y. Bastide and R. Taouil and N. Pasquier and G. Stumme and L. Lakhal},
  Journal                  = {Techniques et Sciences Informatiques},
  Year                     = {2002},
  Number                   = {1},
  Pages                    = {65-95},
  Volume                   = {21}
}

@InProceedings{Bay98,
  Title                    = {Efficiently mining long patterns from databases},
  Author                   = {Bayardo Jr, R.J},
  Booktitle                = {ACM Record},
  Year                     = {1998},
  Number                   = {2},
  Organization             = {ACM},
  Pages                    = {85-93},
  Volume                   = {27}
}

@Article{Beau04,
  Title                    = {Rough set spatial data modeling for data mining},
  Author                   = {Beaubouef, Theresa and Ladner, Roy and Petry, Frederick},
  Journal                  = {International Journal of Intelligent Systems},
  Year                     = {2004},
  Number                   = {7},
  Pages                    = {567--584},
  Volume                   = {19},

  ISSN                     = {1098-111X},
  Owner                    = {Ahmed_HP},
  Publisher                = {Wiley Subscription Services, Inc., A Wiley Company},
  Timestamp                = {2016.01.14}
}

@Article{Bell96,
  Title                    = {Generalized union and project operations for pooling uncertain and imprecise information},
  Author                   = {Bell, D. A. and Guan, J. W. and Lee, S. K.},
  Journal                  = {Data \& Knowledge Engineering},
  Year                     = {1996},
  Number                   = {2},
  Pages                    = {89--117},
  Volume                   = {18},

  Owner                    = {Ahmed_HP},
  Publisher                = {Elsevier},
  Timestamp                = {2015.11.23}
}

@Article{SBY04,
  Title                    = {Approches d'extraction de règles d'association basées sur la correspondance de Galois.},
  Author                   = {S. {Ben Yahia} and E. Mephu Nguifo},
  Journal                  = {Ingénierie des Systèmes d'Information},
  Year                     = {2004},
  Number                   = {3-4},
  Pages                    = {23-55},
  Volume                   = {9}
}

@InProceedings{BenjellounSHW06,
  Title                    = {{ULDB}s: Databases with Uncertainty and Lineage},
  Author                   = {Omar Benjelloun and
 Anish Das Sarma and
 Alon Y. Halevy and
 Jennifer Widom},
  Booktitle                = {Proceedings of the 32nd International Conference on Very Large Data
 Bases, Seoul, Korea},
  Year                     = {2006},
  Pages                    = {953--964}
}

@Book{Bez81,
  Title                    = {Pattern Recognition with Fuzzy Objective Function Algorithms},
  Author                   = {J.C. Bezdek},
  Publisher                = {Kluwer Academic Publishers},
  Year                     = {1981},

  Address                  = {Norwell, MA, USA},

  ISBN                     = {0306406713}
}

@Article{Bl96,
  Title                    = {Information combination operators for data fusion: A comparative reviewwith classification},
  Author                   = {I. Bloch},
  Journal                  = {IEEE Transactions on Systems, Man and Cybernetics},
  Year                     = {1996},
  Number                   = {1},
  Pages                    = {52-67},
  Volume                   = {26},

  Owner                    = {Administrateur},
  Timestamp                = {2011.09.02}
}

@Article{Bon95,
  Title                    = {Reasoning with uncertainty in expert systems},
  Author                   = {P.P. Bonissone and R.M. Tong},
  Journal                  = {International journal of man-machine studies},
  Year                     = {1985},
  Number                   = {3},
  Pages                    = {241-250},
  Volume                   = {22},

  Publisher                = {Academic Press}
}

@Article{Bou06,
  Title                    = {{GARC}: A New Associative Classification Approach},
  Author                   = {I. Bouzouita and S. Elloumi and S. Ben Yahia},
  Journal                  = {in Proceedings of 8th International Conference on Data Warehousing and Knowledge Discovery, DaWaK, Krakow, Poland},
  Year                     = {2006},
  Pages                    = {554-565},

  Owner                    = {admin},
  Timestamp                = {2012.11.15}
}

@Article{Bre00,
  Title                    = {LOF: identifying density-based local outliers},
  Author                   = {Breunig, Markus M and Kriegel, Hans-Peter and Ng, Raymond T and Sander, J{\"o}rg},
  Journal                  = {In Proceeding of the {ACM} {SIGMOD} International Conference on management of Data, Dallas, Texas.},
  Year                     = {2000},
  Number                   = {2},
  Pages                    = {93--104},
  Volume                   = {29},

  Organization             = {ACM}
}

@article{yang2008maintenance,
  title={Maintenance scheduling in manufacturing systems based on predicted machine degradation},
  author={Yang, Zimin Max and Djurdjanovic, Dragan and Ni, Jun},
  journal={Journal of intelligent manufacturing},
  volume={19},
  number={1},
  pages={87--98},
  year={2008},
  publisher={Springer}
}

@Article{Bre00,
  Title                    = {LOF: identifying density-based local outliers},
  Author                   = {Breunig, Markus M and Kriegel, Hans-Peter and Ng, Raymond T and Sander, J{\"o}rg},
  Journal                  = {In Proceedings of ACM SIGMOD Conference 2000, Dallas, Texas},
  Year                     = {2000},
  Number                   = {2},
  Pages                    = {93--104},
  Volume                   = {29},

  Booktitle                = {ACM sigmod record},
  Organization             = {ACM}
}

@Article{Bring11,
  Title                    = {Pattern-Based Classification: A Unifying Perspective},
  Author                   = {B. Bringmann and S. Nijssen and A. Zimmermann},
  Journal                  = {CoRR},
  Year                     = {2011},
  Volume                   = {abs/1111.6191}
}

@Article{Chen05,
  Title                    = {A New Fusion Approach Based on Distance of Evidences},
  Author                   = {L.Z. Chen and W.K. Shi and Y. Deng and Z.F. Zhu},
  Journal                  = {Journal of {Z}hejian {U}niversity {S}cience},
  Year                     = {2005},
  Pages                    = {476-482},
  Volume                   = {6A}
}

@Article{Chen08,
  Title                    = {Mining association rules from imprecise ordinal data},
  Author                   = {YL. Chen and CH. Weng},
  Journal                  = {Fuzzy Set Syst},
  Year                     = {2008},
  Pages                    = {460-474},
  Volume                   = {159(4)},

  Owner                    = {Ahmed},
  Timestamp                = {2012.12.11}
}

@Article{Chen08a,
  Title                    = {Building an associative classifier based on fuzzy association rules},
  Author                   = {Chen, Zuoliang and Chen, Guoqing},
  Journal                  = {International Journal of Computational Intelligence Systems},
  Year                     = {2008},
  Number                   = {3},
  Pages                    = {262--273},
  Volume                   = {1},

  Publisher                = {Taylor \& Francis}
}

@Article{Cho00,
  Title                    = {Applying theory of evidence in multisensor data fusion: a logical interpretation},
  Author                   = {Cholvy, L.},
  Journal                  = {In Proceedings of the Third International Conference on Information Fusion, 2000, FUSION 2000, Paris, France},
  Year                     = {2000},

  Month                    = {July},
  Pages                    = {17-24},
  Volume                   = {1}
}

@Article{Chui07,
  Title                    = {Mining Frequent Itemsets from Uncertain Data},
  Author                   = {C-K Chui and B. Kao and E. Hung},
  Journal                  = {in Proceedings of the 11th Pacific-Asia Conference on Advances in Knowledge Discovery and Data Mining, Nanjing, China},
  Year                     = {2007},
  Pages                    = {47-58},

  Address                  = {Berlin, Heidelberg},
  Numpages                 = {12},
  Publisher                = {Springer-Verlag},
  Series                   = {PAKDD'07}
}

@Book{Chu01,
  Title                    = {A course in probability theory},
  Author                   = {Chung, K- L},
  Publisher                = {Academic press},
  Year                     = {2001}
}

@Article{Cox46,
  Title                    = {{P}robability, {F}requency and {R}easonable {E}xpectation},
  Author                   = {R. T. Cox},
  Journal                  = {American Journal of Physics},
  Year                     = {1946},
  Pages                    = {1-14},
  Volume                   = {14},

  Owner                    = {user},
  Timestamp                = {2014.02.25}
}

@Article{Cuz08,
  Title                    = {A Geometric Approach to the Theory of Evidence},
  Author                   = {F. Cuzzolin},
  Journal                  = {IEEE transaction, Man, and Cybernetics-Part C: Application and reviews},
  Year                     = {2008},
  Number                   = {4},
  Pages                    = {522-534},
  Volume                   = {38},

  Owner                    = {admin},
  Timestamp                = {2012.06.03}
}

@Article{DalviS07,
  Title                    = {Efficient query evaluation on probabilistic databases},
  Author                   = {Nilesh N. Dalvi and
 Dan Suciu},
  Journal                  = {{VLDB} J.},
  Year                     = {2007},
  Number                   = {4},
  Pages                    = {523--544},
  Volume                   = {16}
}

@InProceedings{Dan10,
  Title                    = {Conflicts within and between Belief Functions},
  Author                   = {M. Daniel},
  Booktitle                = {International Conference on {I}nformation {P}rocessing and {M}anagement of {U}ncertainty, {IPMU'10}},
  Year                     = {2010},
  Pages                    = {696-705},

  Owner                    = {admin},
  Timestamp                = {2012.05.24}
}

@Article{De04,
  Title                    = {A new approach to mining fuzzy databases using nearest neighbor classification by exploiting attribute hierarchies},
  Author                   = {De, Supriya Kumar and Krishna, P. Radha},
  Journal                  = {International Journal of Intelligent Systems},
  Year                     = {2004},
  Number                   = {12},
  Pages                    = {1277--1290},
  Volume                   = {19},

  ISSN                     = {1098-111X},
  Owner                    = {Ahmed_HP},
  Publisher                = {Wiley Subscription Services, Inc., A Wiley Company},
  Timestamp                = {2016.01.14}
}

@Article{Deh98,
  Title                    = {Finding Frequent Substructures in Chemical Compounds.},
  Author                   = {Dehaspe, L. and Toivonen, H. and King, R. D},
  Journal                  = {In Proceeding of the Fourth International Conference on Knowledge Discovery and Data Mining (KDD-98), New York City, New York, USA},
  Year                     = {1998},
  Pages                    = {30-36},

  Booktitle                = {KDD}
}

@Article{Del95,
  Title                    = {Using trust in uncertainty theories},
  Author                   = {F. Delmotte and L. Dubois and A-M. Desodt and P. Borne},
  Journal                  = {Information and Systems Engineering},
  Year                     = {1995},
  Number                   = {3-4},
  Pages                    = {303-314},
  Volume                   = {1},

  Owner                    = {admin},
  Timestamp                = {2012.06.03}
}

@Book{Dem67,
  Title                    = {Upper and lower probabilities induced by multivalued mapping},
  Author                   = {A.P. Dempster},
  Editor                   = {Annals of Mathematical Statistics},
  Publisher                = {AMS-38},
  Year                     = {1967},

  Journal                  = {Annals of Mathematical Statistics},
  Owner                    = {Administrateur},
  Pages                    = {325-339},
  Timestamp                = {2011.08.25}
}

@InCollection{Dem68,
  Title                    = {A Generalization of Bayesian Inference},
  Author                   = {A.P. Dempster},
  Booktitle                = {Classic Works of the Dempster-Shafer Theory of Belief Functions},
  Publisher                = {Springer Berlin Heidelberg},
  Year                     = {2008},
  Editor                   = {Yager, R.R. and Liu, L.},
  Pages                    = {73-104},
  Series                   = {Studies in Fuzziness and Soft Computing},
  Volume                   = {219}
}

@Article{Den04,
  Title                    = {EVCLUS: evidential clustering of proximity data},
  Author                   = {Den{\oe}ux, Thierry and Masson, M-H},
  Journal                  = {IEEE Transactions on Systems, Man, and Cybernetics, Part B (Cybernetics)},
  Year                     = {2004},
  Number                   = {1},
  Pages                    = {95--109},
  Volume                   = {34},

  Publisher                = {IEEE}
}

@Article{Den95,
  Title                    = {K-Nearest Neighbor Classification Rule Based on {D}empster-{S}hafer Theory},
  Author                   = {T. Den\oe{}ux},
  Journal                  = {IEEE Transactions on Systems, Man and Cybernetics},
  Year                     = {1995},
  Number                   = {5},
  Pages                    = {804-813},
  Volume                   = {25},

  Booktitle                = {IEEE Transactions on Systems},
  Editor                   = {Man and Cybernetics, 25(5):804-813},
  Owner                    = {Administrateur},
  Publisher                = {IEEE Transactions on Systems},
  Timestamp                = {2011.08.25}
}

@Article{Den00,
  Title                    = {A Neural Network Classifier Based on {D}empster-{S}hafer Theory},
  Author                   = {T. Den\oe{}ux},
  Journal                  = {IEEE Transactions on Systems, Man and Cybernetics, Part A},
  Year                     = {2000},
  Number                   = {2},
  Pages                    = {131-150},
  Volume                   = {30},

  Owner                    = {Administrateur},
  Timestamp                = {2011.09.01}
}

@Article{Den97,
  Title                    = {Analysis of Evidence-theoretic Decision Rules for Pattern Classification},
  Author                   = {T. Den\oe{}ux},
  Journal                  = {Pattern Recogn.},
  Year                     = {1997},

  Month                    = jul,
  Number                   = {7},
  Pages                    = {1095--1107},
  Volume                   = {30},

  Acmid                    = {1746448},
  Address                  = {New York, NY, USA},
  Issue_date               = {July, 1997},
  Numpages                 = {13},
  Publisher                = {Elsevier Science Inc.},
  Url                      = {http://dx.doi.org/10.1016/S0031-3203(96)00137-9}
}

@Article{Deng04,
  Title                    = {Combining Belief Functions Based on Distance of Evidence},
  Author                   = {Y. Deng and W.K. Shi and Z.F. Zhu and Q. Liu},
  Journal                  = {Decision Support Systems},
  Year                     = {2004},
  Number                   = {3},
  Pages                    = {489-493},
  Volume                   = {38}
}

@article{krummenacher2017wheel,
  title={Wheel defect detection with machine learning},
  author={Krummenacher, Gabriel and Ong, Cheng Soon and Koller, Stefan and Kobayashi, Seijin and Buhmann, Joachim M},
  journal={IEEE Transactions on Intelligent Transportation Systems},
  volume={19},
  number={4},
  pages={1176--1187},
  year={2017},
  publisher={IEEE}
}

@article{kande2017rotating,
  title={Rotating electrical machine condition monitoring automation—A review},
  author={Kande, Mallikarjun and Isaksson, Alf J and Thottappillil, Rajeev and Taylor, Nathaniel},
  journal={Machines},
  volume={5},
  number={4},
  pages={24},
  year={2017},
  publisher={Multidisciplinary Digital Publishing Institute}
}

@article{layouni2017detection,
  title={Detection and sizing of metal-loss defects in oil and gas pipelines using pattern-adapted wavelets and machine learning},
  author={Layouni, Mohamed and Hamdi, Mohamed Salah and Tahar, Sofi{\`e}ne},
  journal={Applied Soft Computing},
  volume={52},
  pages={247--261},
  year={2017},
  publisher={Elsevier}
}



@Conference{DSB00,
  Title                    = {Pattern Recognition and Cooperation/Fusion Techniques: some Practical Issues},
  Author                   = {J. Desachy and H. Suzuki and V. Bessettes},
  Booktitle                = {Image and Signal Processing for Remote Sensing VI, SPIE},
  Year                     = {2000},

  Owner                    = {Administrateur},
  Timestamp                = {2011.09.02}
}

@Article{Des13,
  Title                    = {Toward an Axiomatic Definition of Conflict Between Belief Functions},
  Author                   = {Destercke, S. and Burger, T.},
  Journal                  = {{IEEE} Systems, Man and {C}ybernetics - part B},
  Year                     = {2012},
  Number                   = {2},
  Pages                    = {585-596},
  Volume                   = {43},

  Owner                    = {Ahmed_HP},
  Timestamp                = {2015.04.02}
}

@Article{ZBD07,
  Title                    = {Information sources fusion approach in forest stand classification},
  Author                   = {Z. Ben Dhiaf and J. Desachy and A. Hamouda},
  Journal                  = {SPIE, conference on "Image and Signal Processing for Remote Sensing", proceedingof SPIE},
  Year                     = {2007},
  Pages                    = {17-21},
  Volume                   = {vol. 67480V1-67480V10},

  Owner                    = {Administrateur},
  Timestamp                = {2011.09.02}
}

@Article{Dia78,
  Title                    = {Review of Glenn Shafer's "A Mathematical Theory of Evidence"},
  Author                   = {P. Diaconis},
  Journal                  = {Journal of the American Statistical Association},
  Year                     = {1978},
  Pages                    = {677-678},
  Volume                   = {73(363)},

  Owner                    = {user},
  Timestamp                = {2014.06.02}
}

@Article{Djo07,
  Title                    = {Mining Association Rules under Imprecision and Vagueness: towards a Possibilistic Approach},
  Author                   = {Y. Djouadi and S. Redaoui and K. Amroun},
  Journal                  = {in Proceedings of IEEE International Fuzzy Systems Conference, FUZZ-IEEE 2007, Imperial College, London, UK},
  Year                     = {2007},
  Pages                    = {1-6},

  Owner                    = {Ahmed},
  Timestamp                = {2012.12.17}
}

@Article{Djo07rohtua,
  Title                    = {Mining Association Rules under Imprecision and Vagueness: towards a Possibilistic Approach},
  Author                   = {Djouadi, Y. and Redaoui, S. and Amroun, K.},
  Journal                  = {In Proceedings of International Conference on Fuzzy Systems , FUZZ-IEEE, London, UK},
  Year                     = {2007},

  Month                    = {July},
  Pages                    = {1-6},

  Booktitle                = {IEEE InternationalFuzzy Systems Conference, FUZZ-IEEE, },
  Doi                      = {10.1109/FUZZY.2007.4295455},
  ISSN                     = {1098-7584},
  Keywords                 = {data mining;fuzzy set theory;relational databases;crisp partitions;finite domain;fuzzy sets;generalized possibilistic relational model;gradual uncertainty rules;quantitative association rules;quantitative attributes;relational databases;Agriculture;Association rules;Data mining;Fuzzy set theory;Fuzzy sets;Itemsets;Meteorology;Relational databases;Sensor phenomena and characterization;Weather forecasting}
}

@Book{Dub97,
  Title                    = {Fuzzy Sets and Systems: Theory and Applications},
  Author                   = {Dubois, D.},
  Publisher                = {Academic Press, Inc.},
  Year                     = {1997},

  Address                  = {Orlando, FL, USA},

  ISBN                     = {0122227506}
}

@Book{DP86a,
  Title                    = {Possibility Theory: An Approach to Computerized Processing of Uncertainty},
  Author                   = {Dubois, Didier and Prade, Henri},
  Publisher                = {Plenum Press},
  Year                     = {1988},

  Address                  = {New York},

  Owner                    = {Ahmed_HP},
  Timestamp                = {2015.02.16}
}

@Article{DP88,
  Title                    = {Representation and combination of uncertainty with belief functions and possibility measures},
  Author                   = {D. Dubois and H. Prade},
  Journal                  = {Computational Intelligence},
  Year                     = {1988},
  Pages                    = {244-264},
  Volume                   = {4},

  Owner                    = {admin},
  Timestamp                = {2012.11.18}
}

@Book{DP88a,
  Title                    = {{Possibility Theory: An Approach to Computerized Processing of Uncertainty}},
  Author                   = {Dubois, D. and Prade, H.},
  Publisher                = {Plenum Press},
  Year                     = {1988},

  Address                  = {New York},

  Keywords                 = {RPDMP-}
}

@Article{Dub88,
  Title                    = {Representation and Combination of uncertainty with belief functions andpossibility measures},
  Author                   = {D. Dubois and H. Prade},
  Journal                  = {Computational Intelligence},
  Year                     = {1988},
  Pages                    = {244-264},
  Volume                   = {4},

  Owner                    = {admin},
  Timestamp                = {2012.06.03}
}

@Article{DP86,
  Title                    = {On the unicity of {D}empster rule of combination},
  Author                   = {Dubois, D. and Prade, H.},
  Journal                  = {International Journal of Intelligent Systems},
  Year                     = {1986},
  Number                   = {2},
  Pages                    = {133-142},
  Volume                   = {1},

  Publisher                = {Wiley Subscription Services, Inc., A Wiley Company}
}

@Article{Elm07,
  Title                    = {Duplicate record detection: A survey},
  Author                   = {Elmagarmid, Ahmed K and Ipeirotis, Panagiotis G and Verykios, Vassilios S},
  Journal                  = {IEEE Transactions on Knowledge and Data Engineering,},
  Year                     = {2007},
  Number                   = {1},
  Pages                    = {1--16},
  Volume                   = {19},

  Publisher                = {IEEE}
}

@Article{Elo10,
  Title                    = {Discounting of a Belief Function using a Confusion Matrix},
  Author                   = {Z. Elouedi and E. Lefevre and D. Mercier},
  Journal                  = {In Proceedings of 22th {IEEE} International Conference on Tools with Artificial Intelligence, {ICTAI'2010}, Arras, France},
  Year                     = {2010},
  Pages                    = {287-294},

  Owner                    = {admin},
  Timestamp                = {2012.05.24}
}

@Article{Elouedi04,
  Title                    = {Assessing Sensor Realibility for Multisensor Data Fusion Within the {T}ranferable{B}elief {M}odel},
  Author                   = {Z. Elouedi and K. Mellouli and P. Smets},
  Journal                  = {IEEE Transaction on {S}ystem, {M}an and {C}ybernetics - Part B},
  Year                     = {2004},
  Number                   = {1},
  Pages                    = {782-787},
  Volume                   = {34}
}

@Article{EnnaceurEL14,
  Title                    = {Multi-Criteria Decision Making Method with Belief Preference Relations},
  Author                   = {Amel Ennaceur and
 Zied Elouedi and
 Eric Lefevre},
  Journal                  = {International Journal of Uncertainty, Fuzziness and Knowledge-Based
 Systems},
  Year                     = {2014},
  Number                   = {4},
  Pages                    = {573-590},
  Volume                   = {22}
}

@Article{amel12,
  Title                    = {Reasoning under Uncertainty in the AHP Method Using the Belief Function Theory},
  Author                   = {A. Ennaceur and Z. Elouedi and E. Lefevre},
  Journal                  = {In Proceedings of 14th International Conference on Information Processing and Management of Uncertainty in Knowledge-Based Systems, IPMU 2012, Catania, Italy},
  Year                     = {2012},
  Pages                    = {373-382},
  Volume                   = {4},

  Booktitle                = {IPMU (4)},
  Owner                    = {user},
  Timestamp                = {2014.06.17}
}

@PhdThesis{Er04,
  Title                    = {Segmentation and Classification of Individual Tree Crowns in High SpatialResolution Aerial Images},
  Author                   = {M. Erickson},
  School                   = {Swedish University of Agricultural Sciences Uppsala, Sweden},
  Year                     = {2004},

  Owner                    = {Administrateur},
  Timestamp                = {2011.09.02}
}

@Article{Fag91,
  Title                    = {A New Approach to Updating Beliefs},
  Author                   = {R. Fagin and J.Y. Halpern},
  Journal                  = {Uncertainty in Artificial Intelligence},
  Year                     = {1991},
  Pages                    = {347-374},

  Publisher                = {Elsevier Science Publishers}
}

@TechReport{Fix51,
  Title                    = {Discriminatory analysis, nonparametric discrimination: Consistency properties},
  Author                   = {Fix, E. and Hodges, J.L.},
  Institution              = {USAF School of Aviation Medicine, Randolph Field, Texas},
  Year                     = {1951},

  Owner                    = {user},
  Timestamp                = {2014.02.25}
}

@Article{Flo09,
  Title                    = {Crisis Management Using {D}empster {S}hafer Theory: Using DissimilarityMeasures to Characterize Sources Reliability},
  Author                   = {M.C. Florea and E. Boss{\'e}},
  Journal                  = {in NATO RTO 086 - C3I in Crisis, Emergency and Consequence Management, Bucharest,Romania},
  Year                     = {2009},
  Pages                    = {11-12},

  Owner                    = {admin},
  Timestamp                = {2012.05.24}
}

@Article{Flo09a,
  Title                    = {Robust combination rules for evidence theory},
  Author                   = {M.C. Florea and A-L. Jousselme and E. Bossé and D. Grenier},
  Journal                  = {Information Fusion},
  Year                     = {2009},
  Pages                    = {183-197},
  Volume                   = {10},

  Owner                    = {admin},
  Timestamp                = {2012.11.18}
}

@Article{uci,
  Title                    = {{UCI} Machine Learning Repository (2010)},
  Author                   = {A. Frank and A. Asuncion},
  Journal                  = {URL: http://archive.ics.uci.edu/ml},

  Institution              = {University of California, Irvine, School of Information and Computer Sciences},
  Owner                    = {user},
  Timestamp                = {2013.06.02}
}

@Article{FuhrR97,
  Title                    = {A Probabilistic Relational Algebra for the Integration of Information
 Retrieval and Database Systems},
  Author                   = {Norbert Fuhr and
 Thomas R{\"{o}}lleke},
  Journal                  = {{ACM} Trans. Inf. Syst.},
  Year                     = {1997},
  Number                   = {1},
  Pages                    = {32--66},
  Volume                   = {15}
}

@InCollection{Gard83,
  Title                    = {Probabilistic Reasoning and Evidentiary Value},
  Author                   = {Peter G\"a{}rdenfors},
  Booktitle                = {Evidentiary Value: Philosophical, Judicial, and Psychological Aspects of a Theory: Essays Dedicated to S\"o{}ren Halld\'e{}n on His Sixtieth Birthday},
  Publisher                = {C.W.K. Gleerups},
  Year                     = {1983},

  Owner                    = {Ahmed_HP},
  Timestamp                = {2015.01.23}
}

@Article{Gas05,
  Title                    = {IGB: A new informative generic base of association rules},
  Author                   = {G. Gasmi and S. {Ben Yahia} and E. Mephu Nguifo and Y. Slimani},
  Journal                  = {Proceedings of the Intl. Ninth Pacific-Asia Conference on Knowledge Data Discovery (PAKDD05), LNAI 3518, Hanoi, Vietnam, Springler-Verlag},
  Year                     = {2005},
  Pages                    = {81-90},

  Owner                    = {admin},
  Timestamp                = {2012.11.15}
}

@Article{Geo96,
  Title                    = {Quantification of Conflict in {D}empster-{S}hafer Framework: {A} {N}ew {A}pproach},
  Author                   = {T. George and N.R. Pal},
  Journal                  = {International Journal of General Systems},
  Year                     = {1996},
  Number                   = {4},
  Pages                    = {407-423},
  Volume                   = {24},

  Owner                    = {admin},
  Timestamp                = {2012.05.24}
}

@Article{Gia14,
  Title                    = {Balancing the Analysis of Frequent Patterns},
  Author                   = {Giacometti, A. and Li, D. H and Soulet, A.},
  Journal                  = {In Proceeding of 18th Pacific-Asia Conference on Knowledge Discovery and Data Mining, PAKDD, Tainan, Taiwan},
  Year                     = {2014},
  Pages                    = {53--64},

  Booktitle                = {Advances in Knowledge Discovery and Data Mining},
  Publisher                = {Springer}
}

@Article{Den06,
  Title                    = {Evaluating Sensor Reliability in Classification Problems Based on EvidenceTheory},
  Author                   = {H. Guo and W. Shi and Y. Deng},
  Journal                  = {IEEE transactions on {S}ystems, {M}an, and {C}ybernetics, Part B},
  Year                     = {2006},
  Number                   = {5},
  Pages                    = {970-981},
  Volume                   = {36},

  Owner                    = {admin},
  Timestamp                = {2012.06.01}
}

@Article{Guo06,
  Title                    = {Evaluating Sensor Reliability in ClassificationProblems Based on Evidence Theory},
  Author                   = {H. Guo and W. Shi and Y. Deng},
  Journal                  = {IEEE transactions on Systems, Man, and Cybernetics, Part B},
  Year                     = {2006},
  Pages                    = {970-987},
  Volume                   = {vol. 36, n.5},

  Owner                    = {Ahmed},
  Timestamp                = {2012.11.25}
}

@Article{weka,
  Title                    = {The WEKA Data Mining Software: An Update},
  Author                   = {Mark Hall and Eibe Frank and Geoffrey Holmes and Bernhard Pfahringer and Peter Reutemann and Ian H. Witten},
  Journal                  = {SIGKDD Explorations},
  Year                     = {2009},
  Volume                   = {11},

  Owner                    = {Ahmed_HP},
  Timestamp                = {2015.08.31}
}

@Article{Halpern90,
  Title                    = {An Analysis of First-Order Logics of Probability},
  Author                   = {Joseph Y. Halpern},
  Journal                  = {Artif. Intell.},
  Year                     = {1990},
  Number                   = {3},
  Pages                    = {311--350},
  Volume                   = {46}
}

@Article{Han10,
  Title                    = {Erratum to "Combining Belief Functions Based on Distance of Evidence"},
  Author                   = {D. Han and Y. Deng and Q. Liu},
  Journal                  = {Decision {S}upport {S}ystems},
  Year                     = {2010},
  Number                   = {1},
  Pages                    = {360},
  Volume                   = {50}
}

@Article{Han00,
  Title                    = {Mining Frequent Patterns Without Candidate Generation},
  Author                   = {Han, Jiawei and Pei, Jian and Yin, Yiwen},
  Journal                  = {in Proceedings of ACM International Conference on Management of Data, Dallas, Texas, USA},
  Year                     = {2000},

  Month                    = may,
  Number                   = {2},
  Pages                    = {1-12},
  Volume                   = {29},

  Acmid                    = {335372},
  Address                  = {New York, NY, USA},
  Issue_date               = {June 2000},
  Numpages                 = {12},
  Publisher                = {ACM}
}

@Article{Han98,
  Title                    = {Global Climate Data and Models: A Reconciliation},
  Author                   = {Hansen, James E. and Sato, Makiko and Ruedy, Reto and Lacis, Andrew and Glascoe, Jay},
  Journal                  = {Science},
  Year                     = {1998},
  Number                   = {5379},
  Pages                    = {930-932},
  Volume                   = {281},

  Owner                    = {Ahmed_HP},
  Timestamp                = {2015.04.21}
}

@Article{Heg05,
  Title                    = {The apriori algorithm--a tutorial},
  Author                   = {Hegland, M.},
  Journal                  = {Mathematics and computation in imaging science and information processing},
  Year                     = {2005},
  Pages                    = {209--262},
  Volume                   = {11},

  Publisher                = {World Scientific Publishing}
}

@Article{Hew07,
  Title                    = {Rule Mining and Classification in a Situation Assessment Application: A Belief-Theoretic Approach for Handling Data Imperfections},
  Author                   = {K.K. Rohitha Hewawasam and Premaratne, K. and Shyu, M-L},
  Journal                  = {Trans. Sys. Man Cyber. Part B},
  Year                     = {2007},
  Number                   = {6},
  Pages                    = {1446--1459},
  Volume                   = {37},

  Address                  = {Piscataway, NJ, USA},
  ISSN                     = {1083-4419},
  Issue_date               = {December 2007},
  Publisher                = {IEEE Press}
}

@InProceedings{Hew05,
  Title                    = {Rule mining and classification in the presence of feature level and class label ambiguities},
  Author                   = {K.K. Rohitha Hewawasam and K. Premaratne and M-L Shyu and S.P. Subasingha},
  Booktitle                = {SPIE 5803, Intelligent Computing: Theory and Applications III, 98},
  Year                     = {2005},

  Journal                  = {Proc. SPIE 5803, Intelligent Computing: Theory and Applications III, 98 (August 05, 2005)},
  Owner                    = {Ahmed},
  Timestamp                = {2012.12.11}
}

@Article{Hong99,
  Title                    = {Mining association rules from quantitative data},
  Author                   = {T.P. Hong and C.S. Kuo and S.C. Chi},
  Journal                  = {Intelligent Data Analysis},
  Year                     = {1999},
  Pages                    = {363-376},
  Volume                   = {3(5)},

  Owner                    = {Ahmed},
  Timestamp                = {2012.12.12}
}

@Article{Hong06,
  Title                    = {Fuzzy weighted data mining from quantitative transactions with linguistic minimum supports and confidences},
  Author                   = {Hong, T-P and Chiang, M-J and Wang, S-L and others},
  Journal                  = {International Journal of Fuzzy Systems},
  Year                     = {2006},
  Number                   = {4},
  Pages                    = {173-182},
  Volume                   = {8},

  Publisher                = {Chinese Fuzzy Systems Association}
}

@Article{Hong04,
  Title                    = {A fuzzy {A}priori{T}id mining algorithm with reduced computational time},
  Author                   = {T-P. Hong and C-S. Kuo and S-L. Wang},
  Journal                  = {Applied Soft Computing},
  Year                     = {2004},
  Number                   = {1},
  Pages                    = {1-10},
  Volume                   = {5},

  ISSN                     = {1568-4946},
  Owner                    = {Ahmed},
  Timestamp                = {2013.01.27}
}

@Article{Hong05,
  Title                    = {Mining fuzzy sequential patterns from quantitative transactions},
  Author                   = {Hong, Tzung-Pei and Lin, Kuei-Ying and Wang, Shyue-Liang},
  Journal                  = {Soft Computing},
  Year                     = {2005},
  Number                   = {10},
  Pages                    = {925--932},
  Volume                   = {10},

  Abstract                 = {Many researchers in database and machine learning fields are primarily interested in data mining because it offers opportunities to discover useful information and important relevant patterns in large databases. Most previous studies have shown how binary valued transaction data may be handled. Transaction data in real-world applications usually consist of quantitative values, so designing a sophisticated data-mining algorithm able to deal with various types of data presents a challenge to workers in this research field. In the past, we proposed a fuzzy data-mining algorithm to find association rules. Since sequential patterns are also very important for real-world applications, this paper thus focuses on finding fuzzy sequential patterns from quantitative data. A new mining algorithm is proposed, which integrates the fuzzy-set concepts and the AprioriAll algorithm. It first transforms quantitative values in transactions into linguistic terms, then filters them to find sequential patterns by modifying the AprioriAll mining algorithm. Each quantitative item uses only the linguistic term with the maximum cardinality in later mining processes, thus making the number of fuzzy regions to be processed the same as the number of the original items. The patterns mined out thus exhibit the sequential quantitative regularity in databases and can be used to provide some suggestions to appropriate supervisors.},
  ISSN                     = {1433-7479},
  Owner                    = {Ahmed_HP},
  Timestamp                = {2016.01.29}
}

@Article{Hong03,
  Title                    = {Fuzzy data mining for interesting generalized association rules},
  Author                   = {Hong, Tzung-Pei and Lin, Kuei-Ying and Wang, Shyue-Liang},
  Journal                  = {Fuzzy Sets Syst.},
  Year                     = {2003},

  Month                    = sep,
  Number                   = {2},
  Pages                    = {255--269},
  Volume                   = {138},

  ISSN                     = {0165-0114},
  Issue_date               = {September 01, 2003},
  Owner                    = {Ahmed},
  Timestamp                = {2013.01.27}
}

@Article{Hu03b,
  Title                    = {Discovering fuzzy association rules using fuzzy partition methods},
  Author                   = {Yi-Chung Hu and Ruey-Shun Chen and Gwo-Hshiung Tzeng},
  Journal                  = {Knowledge-Based Systems},
  Year                     = {2003},
  Pages                    = {137 - 147},
  Volume                   = {16},

  Owner                    = {Ahmed},
  Timestamp                = {2012.12.12}
}

@Article{Hu03,
  Title                    = {Elicitation of classification rules by fuzzy data mining},
  Author                   = {Yi-Chung Hu and Gwo-Hshiung Tzeng},
  Journal                  = {Engineering Applications of Artificial Intelligence},
  Year                     = {2003},
  Pages                    = {709 - 716},
  Volume                   = {16},

  Owner                    = {Ahmed},
  Timestamp                = {2012.12.12}
}

@Article{ImielinskiL84,
  Title                    = {Incomplete Information in Relational Databases},
  Author                   = {Tomasz Imielinski and Witold Lipski Jr.},
  Journal                  = {J. {ACM}},
  Year                     = {1984},
  Number                   = {4},
  Pages                    = {761--791},
  Volume                   = {31}
}

@Article{Ina91,
  Title                    = {Independence Between Safety-Control Policy and Multiple-Sensors SchemesVia {D}empster-{S}hafer Theory},
  Author                   = {T. Inagaki},
  Journal                  = {IEEE Transaction on reliability},
  Year                     = {1991},
  Number                   = {2},
  Pages                    = {182-188},
  Volume                   = {40},

  Owner                    = {admin},
  Timestamp                = {2012.06.03}
}

@Article{jab13,
  Title                    = {Symmetry-Based Pruning in Itemset Mining},
  Author                   = {Jabbour, S. and Khiari, M. and Sais, L. and Salhi, Y. and Tabia, K.},
  Journal                  = {In Proceedings of IEEE 25th International Conference on Tools with Artificial Intelligence, ICTAI'13, Washington DC, USA},
  Year                     = {2013},
  Pages                    = {483-490},

  ISSN                     = {1082-3409}
}

@Article{jab15,
  Title                    = {Mining Top-k motifs with a SAT-based framework},
  Author                   = {Jabbour, Said and Sais, Lakhdar and Salhi, Yakoub},
  Journal                  = {Artificial Intelligence},
  Year                     = {2015},

  Publisher                = {Elsevier}
}

@InCollection{Jab13,
  Title                    = {The Top-k Frequent Closed Itemset Mining Using Top-k SAT Problem},
  Author                   = {Jabbour, Said and Sais, Lakhdar and Salhi, Yakoub},
  Booktitle                = {In proceedings of European Conference Machine Learning and Knowledge Discovery in Database, ECML PKDD 2013, Prague, Czech Republic},
  Year                     = {2013},
  Pages                    = {403-418},
  Volume                   = {8190},

  ISBN                     = {978-3-642-40993-6},
  Language                 = {English},
  Owner                    = {Ahmed_HP},
  Timestamp                = {2015.01.26}
}

@InProceedings{JabbourSS13,
  Title                    = {Boolean satisfiability for sequence mining},
  Author                   = {Sa{\"{\i}}d Jabbour and
 Lakhdar Sais and
 Yakoub Salhi},
  Booktitle                = {22nd {ACM} International Conference on Information and Knowledge Management,
 CIKM'13, San Francisco, CA, USA, October 27 - November 1, 2013},
  Year                     = {2013},
  Pages                    = {649--658}
}

@Book{jacod03,
  Title                    = {Probability essentials},
  Author                   = {Jacod, J and Protter, P. E},
  Publisher                = {Springer},
  Year                     = {2003}
}

@Article{Jia11,
  Title                    = {Outlier detection on uncertain data: Objects, instances, and inferences},
  Author                   = {Jiang, Bin and Pei, Jian},
  Journal                  = {In Proceeding of 27th IEEE International Conference on Data Engineering (ICDE), Hannover, Germany},
  Year                     = {2011},
  Pages                    = {422--433},

  Organization             = {IEEE}
}

@Article{Joh98,
  Title                    = {Fast Computation of 2-Dimensional Depth Contours},
  Author                   = {Johnson, Theodore and Kwok, Ivy and Ng, Raymond T},
  Journal                  = {The Third International Conference on Knowledge Discovery and Data Mining, KDD98, New York, NY},
  Year                     = {1998},
  Pages                    = {224--228},

  Booktitle                = {KDD},
  Organization             = {Citeseer}
}

@Article{Jon12,
  Title                    = {Improved probabilistic prediction of healthcare performance indicators using bidirectional smoothing models},
  Author                   = {Jones, Hayley E. and Spiegelhalter, David J.},
  Journal                  = {Journal of the Royal Statistical Society: Series A (Statistics in Society)},
  Year                     = {2012},
  Number                   = {3},
  Pages                    = {729--747},
  Volume                   = {175},

  ISSN                     = {1467-985X},
  Owner                    = {Ahmed_HP},
  Publisher                = {Blackwell Publishing Ltd},
  Timestamp                = {2015.04.21}
}

@Article{Jos02,
  Title                    = {The Consensus Operator for Combining Beliefs},
  Author                   = {A. Josang},
  Journal                  = {Artificial Intelligence Journal},
  Year                     = {2002},
  Pages                    = {157-170},
  Volume                   = {141},

  Owner                    = {admin},
  Timestamp                = {2012.06.03}
}

@Article{Jou01,
  Title                    = {A new distance between two bodies of evidence},
  Author                   = {A.-L. Jousselme and D. Grenier and E. Boss{\'e}},
  Journal                  = {Information Fusion},
  Year                     = {2001},
  Pages                    = {91-101},
  Volume                   = {2},

  Owner                    = {admin},
  Timestamp                = {2012.06.01}
}

@Article{Jousselme12,
  Title                    = {Distance in Evidence Theory: Comprehensive Survey and Generalizations},
  Author                   = {A-L. Jousselme and P. Maupin},
  Journal                  = {International Journal of Approximate Reasoning},
  Year                     = {2012},
  Number                   = {2},
  Pages                    = {118-145},
  Volume                   = {53}
}

@Article{kim95,
  Title                    = {Evidential reasoning approach to multisource-data classification in remotesensing},
  Author                   = {H. Kim and P. Swain},
  Journal                  = {IEEE Transactions on Systems, Man and Cybernetics},
  Year                     = {1995},
  Number                   = {8},
  Pages                    = {1257-1265},
  Volume                   = {25},

  Owner                    = {Administrateur},
  Timestamp                = {2011.11.08}
}

@Article{Kin01,
  Title                    = {Warmr: a data mining tool for chemical data},
  Author                   = {King, R. D. and Srinivasan, A. and Dehaspe, L.},
  Journal                  = {Journal of Computer-Aided Molecular Design},
  Year                     = {2001},
  Number                   = {2},
  Pages                    = {173-181},
  Volume                   = {15},

  ISSN                     = {0920-654X},
  Language                 = {English},
  Owner                    = {Ahmed_HP},
  Publisher                = {Kluwer Academic Publishers},
  Timestamp                = {2015.11.12}
}

@Article{Kla92,
  Title                    = {On the axiomatic justification of {D}empster's rule of combination},
  Author                   = {Klawonn, F. and Schwecke, E.},
  Journal                  = {International Journal of Intelligent Systems},
  Year                     = {1992},
  Number                   = {5},
  Pages                    = {469-478},
  Volume                   = {7},

  Publisher                = {Wiley Subscription Services, Inc., A Wiley Company}
}

@Article{klaw92,
  Title                    = {The dynamic of belief in the transferable belief model and specialization-generalization matrices},
  Author                   = {Klawonn, F. and Smets, P.},
  Journal                  = {in Proceedings of the Eighth international conference on Uncertainty in artificial intelligence},
  Year                     = {1992},
  Pages                    = {130-137},

  Organization             = {Morgan Kaufmann Publishers Inc.}
}

@Article{Klein11,
  Title                    = {Singular Sources Mining Using Evidential Conflict Analysis},
  Author                   = {J. Klein and O. Colot},
  Journal                  = {International Journal of Approximate Reasoning},
  Year                     = {2011},
  Number                   = {9},
  Pages                    = {1433-1451},
  Volume                   = {52}
}

@Article{Kle10,
  Title                    = {Automatic discounting rate computation using a dissent criterion},
  Author                   = {J. Klein and O. Colot},
  Journal                  = {Workshop on the Theory of Belief Functions, Brest, France},
  Year                     = {2010},
  Pages                    = {1-6},

  Owner                    = {admin},
  Timestamp                = {2012.06.01}
}

@InProceedings{Klein10,
  Title                    = {Automatic Discounting Rate Computation Using a Dissent Criterion},
  Author                   = {J. Klein and O. Colot},
  Booktitle                = {Workshop on the Theory of Belief Functions},
  Year                     = {2010}
}

@Article{Kno00,
  Title                    = {Distance-based outliers: algorithms and applications},
  Author                   = {Knorr, Edwin M and Ng, Raymond T and Tucakov, Vladimir},
  Journal                  = {The International Journal on Very Large Data Bases},
  Year                     = {2000},
  Number                   = {3-4},
  Pages                    = {237--253},
  Volume                   = {8},

  Publisher                = {Springer-Verlag New York, Inc.}
}

@Book{Koh95,
  Title                    = {A Mathematical Theory of Hints. An Approach to the Dempster-Shafer Theory of Evidence},
  Author                   = {J. Kohlas and P-A. Monney},
  Publisher                = {Lecture Notes in Economics and Mathematical Systems},
  Year                     = {1995},
  Volume                   = {425},

  Owner                    = {user},
  Timestamp                = {2014.02.24}
}

@Article{Kri08,
  Title                    = {Angle-based outlier detection in high-dimensional data},
  Author                   = {Kriegel, Hans-Peter and Zimek, Arthur and others},
  Journal                  = {In Proceedings of the 14th ACM SIGKDD international conference on Knowledge discovery and data mining, Las Vegas, Nevada},
  Year                     = {2008},
  Pages                    = {444--452},

  Booktitle                = {Proceedings of the 14th ACM SIGKDD international conference on Knowledge discovery and data mining},
  Organization             = {ACM}
}

@Article{Kry02,
  Title                    = {Concise Representations of Association Rules},
  Author                   = {M. Kryszkiewicz},
  Journal                  = {in Proceedings of the ESF Exploratory Workshop on Pattern Detection and Discovery, London, UK},
  Year                     = {2002},
  Pages                    = {92--109},

  Acmid                    = {738875},
  Address                  = {London, UK, UK},
  ISBN                     = {3-540-44148-4},
  Numpages                 = {18},
  Publisher                = {Springer-Verlag}
}

@Article{Lee92,
  Title                    = {Imprecise and uncertain information in databases: an evidential approach},
  Author                   = {Lee, S.K.},
  Journal                  = {In Proceedings of Eighth International Conference on Data Engineering, Tempe, AZ},
  Year                     = {1992},
  Pages                    = {614-621}
}

@Article{Lee92b,
  Title                    = {An Extended Relational Database Model for Uncertain and Imprecise Information},
  Author                   = {Lee, S.K.},
  Journal                  = {In Proceedings of the 18th International Conference on Very Large Data Bases, Vancouver, British Columbia, Canada},
  Year                     = {1992},
  Pages                    = {211--220},

  Acmid                    = {672335},
  Address                  = {San Francisco, CA, USA},
  ISBN                     = {1-55860-151-1},
  Numpages                 = {10},
  Publisher                = {Morgan Kaufmann Publishers Inc.},
  Series                   = {VLDB '92}
}

@Article{Lee98,
  Title                    = {Data Mining Approaches for Intrusion Detection},
  Author                   = {Lee, W. and Stolfo, S. J.},
  Journal                  = {in Proceedings of the 7th Conference on USENIX Security Symposium, San Antonio, Texas, USA},
  Year                     = {1998},
  Pages                    = {1-6},
  Volume                   = {7},

  Acmid                    = {1267555},
  Address                  = {Berkeley, CA, USA},
  Booktitle                = {in Proceedings of the 7th Conference on USENIX Security Symposium - Volume 7},
  Location                 = {San Antonio, Texas},
  Numpages                 = {1},
  Publisher                = {USENIX Association},
  Series                   = {SSYM'98},
  Url                      = {http://dl.acm.org/citation.cfm?id=1267549.1267555}
}

@Article{Lee04,
  Title                    = {Mining fuzzy association rules with multiple minimum supports using maximum constraints},
  Author                   = {Y.C. Lee and T.P. Hong and W.Y. Lin},
  Journal                  = {Knowledge-Based Intelligent Information and Engineering Systems},
  Year                     = {2004},
  Pages                    = {1283-1290},
  Volume                   = {3214},

  Owner                    = {Ahmed},
  Timestamp                = {2012.12.12}
}

@PhdThesis{Lef01,
  Title                    = {Fusion Adapt{\'e}e D'informations Conflictuelles Dans Le Cadre de la Th{\'e}orie de L'{\'e}vidence},
  Author                   = {E. Lefevre},
  School                   = {Institut National des Sciences Appliqu{\'e}es de Rouen},
  Year                     = {2001},

  Owner                    = {Administrateur},
  Timestamp                = {2011.08.25}
}

@Article{LCV01,
  Title                    = {Belief Functions Combination and Conflict Management},
  Author                   = {E. Lefevre and O. Colot and P. Vannoorenberghe},
  Journal                  = {Information Fusion},
  Year                     = {2002},
  Number                   = {2},
  Pages                    = {149-162},
  Volume                   = {3},

  Editor                   = {Elsevier Publisher},
  Owner                    = {Administrateur},
  Publisher                = {Information Fusion Journal},
  Timestamp                = {2011.08.25}
}

@Article{Lef11,
  Title                    = {Towards an Alarm for Opposition Conflict in a Conjunctive},
  Author                   = {Eric Lefevre and Z. Elouedi and D. Mercier},
  Journal                  = {European Conference Symbolic and Quantitative Approaches to Reasoning with Uncertainty, ECSQARU'2011, Vol. Springer, LNCS 6717, Belfast, UK, juillet, 2011},
  Year                     = {2011},
  Pages                    = {314-325},

  Owner                    = {admin},
  Timestamp                = {2012.11.18}
}

@Article{Leu08,
  Title                    = {A Tree-Based Approach for Frequent Pattern Mining from Uncertain Data},
  Author                   = {Leung, Carson Kai-Sang and Mateo, Mark Anthony F. and Brajczuk, Dale A.},
  Journal                  = {In Proceedings of 12th Pacific-Asia Conference on Knowledge Discovery and Data Mining, Osaka, Japan},
  Year                     = {2008},
  Pages                    = {653-661},
  Volume                   = {5012},

  Booktitle                = {Advances in Knowledge Discovery and Data Mining},
  Editor                   = {Washio, Takashi and Suzuki, Einoshin and Ting, KaiMing and Inokuchi, Akihiro},
  ISBN                     = {978-3-540-68124-3},
  Language                 = {English},
  Owner                    = {Ahmed_HP},
  Publisher                = {Springer Berlin Heidelberg},
  Series                   = {Lecture Notes in Computer Science},
  Timestamp                = {2015.03.26}
}

@Article{Leu07,
  Title                    = {Efficient Mining of Frequent Patterns from Uncertain Data},
  Author                   = {Leung, C.K.-S. and Carmichael, C.L. and Hao, B},
  Journal                  = {In Proceedings of Seventh IEEE International Conference on Data Mining Workshops, ICDM Workshops, Omaha, Nebraska, USA},
  Year                     = {2007},

  Month                    = {Oct},
  Pages                    = {489-494}
}

@Article{Leu14,
  Title                    = {Fast Algorithms for Frequent Itemset Mining from Uncertain Data},
  Author                   = {Leung, C.K.-S. and MacKinnon, R.K. and Tanbeer, S.K.},
  Journal                  = {In Proceeding of IEEE International Conference on Data Mining (ICDM), Shenzhen, China},
  Year                     = {2014},

  Month                    = {Dec},
  Pages                    = {893-898},

  ISSN                     = {1550-4786}
}

@InProceedings{Levy96,
  Title                    = {Obtaining Complete Answers from Incomplete Databases},
  Author                   = {Alon Y. Levy},
  Booktitle                = {Proceedings of 22th International Conference on Very Large
 Data Bases, Mumbai (Bombay), India},
  Year                     = {1996},
  Pages                    = {402--412}
}

@Article{LI01,
  Title                    = {{CMAR}: Accurate and efficient classification based on
multiple class-association rules},
  Author                   = {W. Li and J. Han and J. Pei},
  Journal                  = {in Proceedings of IEEE International Conference on Data Mining (ICDM), San Jose, CA, IEEE Computer Society},
  Year                     = {2001},
  Pages                    = {369-376},

  Owner                    = {admin},
  Timestamp                = {2012.11.15}
}

@Article{Li01,
  Title                    = {{CMAR}: accurate and efficient classification based on multiple class-association rules},
  Author                   = {W. Li and J. Han and J. Pei},
  Journal                  = {In Proceedings of IEEE International Conference on Data Mining, San Jose, California, USA},
  Year                     = {2001},
  Pages                    = {369-376}
}

@Article{Li01,
  Title                    = {CMAR: accurate and efficient classification based on multiple class-association rules},
  Author                   = {Li, W. and Han, J. and Pei, J.},
  Journal                  = {In Proceeding of IEEE International Conference on Data Mining (ICDM), San Jose, California, USA},
  Year                     = {2001},
  Pages                    = {369-376},

  Booktitle                = {Data Mining, 2001. ICDM 2001, Proceedings IEEE International Conference on}
}

@Misc{Lin99,
  Title                    = {Pincer-Search: An Efficient Algorithm for Discovering the Maximum Frequent Set},

  Author                   = {Dao-I Lin and Zvi M. Kedem},
  Year                     = {1999}
}

@Article{Lui98,
  Title                    = {Integrating classification and association rule mining},
  Author                   = {B. Liu and W. Hsu and Y. Ma},
  Journal                  = {in Proceedings of the Fourth International Conference onKnowledge Discovery and Data Mining, New York City, New York, USA},
  Year                     = {1998},
  Pages                    = {80-86},

  Owner                    = {admin},
  Timestamp                = {2012.11.15}
}

@Article{Liu06,
  Title                    = {Analyzing the degree of conflict among belief functions},
  Author                   = {W. Liu},
  Journal                  = {Artificial Intelligence},
  Year                     = {2006},
  Pages                    = {909-924},
  Volume                   = {170},

  Owner                    = {admin},
  Timestamp                = {2012.05.24}
}

@InProceedings{Liu10,
  Title                    = {Sequential Adaptative Combination of Unreliable Sources of Evidence},
  Author                   = {Z-G. Liu and Q. Pan and Y-M. Cheng and J. Dezert},
  Booktitle                = {Workshop on the {T}heory of {B}elief {F}unction},
  Year                     = {2010}
}

@Article{Lou14,
  Title                    = {New distances between bodies of evidence based on Dempsterian specialization matrices and their consistency with the conjunctive combination rule},
  Author                   = {Mehena Loudahi and John Klein and Jean{-}Marc Vannobel and Olivier Colot},
  Journal                  = {Int. J. Approx. Reasoning},
  Year                     = {2014},
  Number                   = {5},
  Pages                    = {1093--1112},
  Volume                   = {55},

  Bibsource                = {dblp computer science bibliography, http://dblp.org},
  Biburl                   = {http://dblp.uni-trier.de/rec/bib/journals/ijar/LoudahiKVC14},
  Owner                    = {Ahmed_HP},
  Timestamp                = {Wed, 05 Nov 2014 19:43:57 +0100}
}

@Article{Luo00,
  Title                    = {Mining fuzzy association rules and fuzzy frequency episodes for intrusion detection},
  Author                   = {Luo, Jianxiong and Bridges, Susan M.},
  Journal                  = {International Journal of Intelligent Systems},
  Year                     = {2000},
  Number                   = {8},
  Pages                    = {687--703},
  Volume                   = {15},

  ISSN                     = {1098-111X},
  Owner                    = {Ahmed_HP},
  Publisher                = {John Wiley \& Sons, Inc.},
  Timestamp                = {2016.01.14}
}

@Article{Man11,
  Title                    = {Web mining framework for security in e-commerce},
  Author                   = {R. Manjusha and R. Ramachandran},
  Journal                  = {In Proceedings of International Conference on Recent Trends in Information Technology (ICRTIT), Chennai, India},
  Year                     = {2011},
  Pages                    = {1043 -1048},

  Booktitle                = {Recent Trends in Information Technology (ICRTIT), 2011 International Conference on},
  Doi                      = {10.1109/ICRTIT.2011.5972310}
}

@Article{Martin12,
  Title                    = {About Conflict in the Theory of Belief Functions},
  Author                   = {A. Martin},
  Journal                  = {In Proceeding of International Conference on Belief Functions, {BELIEF}'2012, Brest, France},
  Year                     = {2012},
  Pages                    = {161--168},

  Booktitle                = {International Conference on Belief Functions, {BELIEF}'2012, Brest, France}
}

@InProceedings{Mar08,
  Title                    = {Conflict measure for the discounting operation on belief functions},
  Author                   = {A. Martin and A.-L. Jousselme and C. Osswald},
  Booktitle                = {International Conference on Information Fusion, Brest, France},
  Year                     = {2008},
  Pages                    = {1003-1010},

  Owner                    = {admin},
  Timestamp                = {2012.05.24}
}

@PhdThesis{Mass02,
  Title                    = {Algorithmes et applications pour l'extraction de motifs s{\'e}quentiels dans le domaine de la fouille de donn{\'e}es: de l'incr{\'e}mental au temps r{\'e}el},
  Author                   = {F. Masseglia},
  School                   = {These de doctorat, Universit{\'e} de Versailes St-Quentin en Yvelines},
  Year                     = {2002}
}

@PhdThesis{Mas05,
  Title                    = {Apports de la th{\'e}orie des possibilit{\'e}s et des fonctions de croyance {\`a} lanalyse de donn{\'e}es impr{\'e}cises},
  Author                   = {M-H. Masson},
  School                   = {Universit{\'e} de Technologie de Compi{\`e}gne},
  Year                     = {2005}
}

@Article{Mas08,
  Title                    = {{ECM}: {A}n evidential version of the fuzzy c-means algorithm },
  Author                   = {M-H Masson and T. Den\oe{}ux},
  Journal                  = {Pattern Recognition},
  Year                     = {2008},
  Number                   = {4},
  Pages                    = {1384-1397},
  Volume                   = {41},

  ISSN                     = {0031-3203},
  Owner                    = {user},
  Timestamp                = {2013.05.30}
}

@Article{Mercier09,
  Title                    = {Decision Fusion for Postal Address Recognition Using Belief Functions},
  Author                   = {D. Mercier and G. Cron and T. Den\oe{}ux and M-H. Masson},
  Journal                  = {Expert Systems with Applications},
  Year                     = {2009},
  Number                   = {3},
  Pages                    = {5643-5653},
  Volume                   = {36}
}

@InBook{Mer10,
  Title                    = {Belief function correction mechanisms},
  Author                   = {D. Mercier and T. Denoeux and M.-H. Masson},
  Chapter                  = {Studies in Fuzziness and Soft Computing},
  Editor                   = {B. Bouchon-Meunier and al},
  Pages                    = {203-222},
  Year                     = {january 2010},
  Volume                   = {249},

  Journal                  = {, Studies in Fuzziness and Soft Computing, B. Bouchon-Meunier et al. (Eds.),Vol. 249, pp. 203-222, 2010.},
  Owner                    = {admin},
  Timestamp                = {2012.06.01}
}

@Article{Mer11,
  Title                    = {Belief Functions Contextual Discounting and Canonical Decompositions},
  Author                   = {D. Mercier and E. Lefevre and F. Delmotte},
  Journal                  = {International Journal of Approximate Reasoning},
  Year                     = {2012},
  Number                   = {2},
  Pages                    = {146-158},
  Volume                   = {53},

  Booktitle                = {International Journal of Approximate Reasoning ,Accepted for publication,doi:10.1016/j.ijar.2011.06.005},
  Owner                    = {Administrateur},
  Timestamp                = {2011.11.17}
}

@Article{Mer08,
  Title                    = {Refined modeling of sensor reliability in the belief function framework using contextual discounting},
  Author                   = {D. Mercier and B. Quost and T. Den\oe{}ux},
  Journal                  = {Information Fusion},
  Year                     = {2008},
  Number                   = {2},
  Pages                    = {246-258},
  Volume                   = {9},

  Owner                    = {Administrateur},
  Timestamp                = {2011.09.02}
}

@Article{Mer05,
  Title                    = {Contextual discounting of belief functions},
  Author                   = {D. Mercier and B. Quost and T. Den\oe{}ux},
  Journal                  = {8th European Conference on Symbolic and Quantitative Approaches to Reasoning with Uncertainty, Proceedings of ECSQARU, Barcelona, Spain},
  Year                     = {2005},
  Pages                    = {552-562},

  Owner                    = {admin},
  Timestamp                = {2012.05.24}
}

@Article{Mur00,
  Title                    = {Combining belief functions when evidence conflicts},
  Author                   = {C.K. Murphy},
  Journal                  = {Decision Support Systems},
  Year                     = {2000},
  Pages                    = {1-9},
  Volume                   = {29},

  Owner                    = {admin},
  Timestamp                = {2012.06.03}
}

@Article{NS98,
  Title                    = {Data equalisation with evidence combination for pattern recognition},
  Author                   = {G. Ng and H. Singh},
  Journal                  = {Pattern Recognition Letters},
  Year                     = {1998},
  Pages                    = {227-235},
  Volume                   = {19},

  Owner                    = {Administrateur},
  Timestamp                = {2011.09.02}
}

@Article{moi15a,
  Title                    = {Evidential data mining for length of stay {(LOS)} prediction problem},
  Author                   = {Nouaouri, I. and Samet, A. and Allaoui, H.},
  Journal                  = {In proceeding of 11th {IEEE} International Conference on Automation Science and Engineering, {CASE} 2015, Gothenburg, Sweden, 2015},
  Year                     = {2015},
  Pages                    = {1415--1420},

  Bibsource                = {dblp computer science bibliography, http://dblp.org},
  Biburl                   = {http://dblp.uni-trier.de/rec/bib/conf/case/NouaouriSA15},
  Booktitle                = {{IEEE} International Conference on Automation Science and Engineering,
 {CASE} 2015, Gothenburg, Sweden, August 24-28, 2015}
}

@Article{OlteanuKA08,
  Title                    = {World-set decompositions: Expressiveness and efficient algorithms},
  Author                   = {Dan Olteanu and
 Christoph Koch and
 Lyublena Antova},
  Journal                  = {Theor. Comput. Sci.},
  Year                     = {2008},
  Number                   = {2-3},
  Pages                    = {265--284},
  Volume                   = {403}
}

@Article{ord06,
  Title                    = {Constraining and summarizing association rules in medical data},
  Author                   = {Ordonez, C. and Ezquerra, N. and Santana, C. A.},
  Journal                  = {Knowl. Inf. Syst.},
  Year                     = {2006},
  Number                   = {3},
  Pages                    = {259-283},
  Volume                   = {9},

  Acmid                    = {1160195},
  Address                  = {New York, NY, USA},
  ISSN                     = {0219-1377},
  Issue_date               = {March 2006},
  Numpages                 = {25},
  Publisher                = {Springer-Verlag New York, Inc.}
}

@Article{Ord99,
  Title                    = {Discovering Association Rules based on Image Content},
  Author                   = {C. Ordonez and E. Omiecinski},
  Journal                  = {In Proceedings of the IEEE Advances in Digital Libraries Conference (ADL'99), Baltimore, MD},
  Year                     = {1999},
  Pages                    = {38-49}
}

@Article{Oss06,
  Title                    = {Understanding the large family of Dempster-Shafer theorys fusion operators - a decision-based measure},
  Author                   = {C. Osswald and A. Martin},
  Journal                  = {International Conference on Information Fusion, Florence, Italy, 10-13 July},
  Year                     = {2006},
  Pages                    = {1-7},

  Owner                    = {Ahmed},
  Timestamp                = {2012.11.30}
}

@Article{Pal11,
  Title                    = {Mining fuzzy association rules from low-quality data},
  Author                   = {Palacios, A. M. and Gacto, M. J. and Alcal{\'a}-Fdez, J.},
  Journal                  = {Soft Computing},
  Year                     = {2011},
  Number                   = {5},
  Pages                    = {883--901},
  Volume                   = {16},

  Abstract                 = {Data mining is most commonly used in attempts to induce association rules from databases which can help decision-makers easily analyze the data and make good decisions regarding the domains concerned. Different studies have proposed methods for mining association rules from databases with crisp values. However, the data in many real-world applications have a certain degree of imprecision. In this paper we address this problem, and propose a new data-mining algorithm for extracting interesting knowledge from databases with imprecise data. The proposed algorithm integrates imprecise data concepts and the fuzzy apriori mining algorithm to find interesting fuzzy association rules in given databases. Experiments for diagnosing dyslexia in early childhood were made to verify the performance of the proposed algorithm.},
  ISSN                     = {1433-7479},
  Owner                    = {Ahmed_HP},
  Timestamp                = {2016.01.29}
}

@PhdThesis{Pas00,
  Title                    = {Data Mining : algorithmes d'extraction et de r\'{e}duction des r\`{e}gles d'association dans les bases de donn\'{e}es},
  Author                   = {N. Pasquier},
  School                   = {Universit\'{e} de Clermont-Ferrand II, France},
  Year                     = {2000},

  Owner                    = {user},
  Timestamp                = {2014.03.27}
}

@Article{Pas99,
  Title                    = {Efficient Mining of Association Rules Using Closed Itemset Lattices},
  Author                   = {N. Pasquier and Y. Bastide and R.Taouil and L. Lakhal},
  Journal                  = {Journal of Information Systems},
  Year                     = {1999},
  Pages                    = {25-46},
  Volume                   = {24},

  Owner                    = {admin},
  Timestamp                = {2012.11.15}
}

@Book{pearl88,
  Title                    = {Probabilistic reasoning in intelligent systems: networks of plausible inference},
  Author                   = {J. Pearl},
  Publisher                = {Morgan Kaufmann},
  Year                     = {1988}
}

@Article{Pei00,
  Title                    = {{CLOSET}: An Efficient Algorithm for Mining Frequent Closed Itemsets},
  Author                   = {J. Pei and J. Han and R. Mao},
  Journal                  = {{ACM SIGMOD} workshop on research issues in data mining and knowledge discovery},
  Year                     = {2000},
  Pages                    = {21-30}
}

@Article{Pich12,
  Title                    = {Relevance and truthfulness in information correction and fusion},
  Author                   = {F. Pichon and D. Dubois and T. Denux},
  Journal                  = {International Journal of Approximate Reasoning },
  Year                     = {2012},
  Number                   = {2},
  Pages                    = {159 - 175},
  Volume                   = {53}
}

@Article{Pyu14,
  Title                    = {Efficient frequent pattern mining based on linear prefix tree},
  Author                   = {Pyun, Gwangbum and Yun, Unil and Ryu, Keun Ho},
  Journal                  = {Knowledge-Based Systems},
  Year                     = {2014},
  Pages                    = {125--139},
  Volume                   = {55},

  Publisher                = {Elsevier}
}

@Article{Ram00,
  Title                    = {Efficient Algorithms for Mining Outliers from Large Data Sets},
  Author                   = {Ramaswamy, S. and Rastogi, R. and Shim, K.},
  Journal                  = {SIGMOD Rec.},
  Year                     = {2000},

  Month                    = may,
  Number                   = {2},
  Pages                    = {427--438},
  Volume                   = {29},

  Acmid                    = {335437},
  Address                  = {New York, NY, USA},
  ISSN                     = {0163-5808},
  Issue_date               = {June 2000},
  Numpages                 = {12},
  Publisher                = {ACM}
}

@Article{RazniewskiN11,
  Title                    = {Completeness of Queries over Incomplete Databases},
  Author                   = {Simon Razniewski and
 Werner Nutt},
  Journal                  = {In Proceeding of the 37th internation conference on {Very Large Data Bases}, The Westin, Seattle, WA},
  Year                     = {2011},
  Number                   = {11},
  Pages                    = {749-760},
  Volume                   = {4}
}

@Article{Ris06,
  Title                    = {The {TBM} Global Distance Measure for the Association of Uncertain Combat{ID} Declarations},
  Author                   = {B. Ristic and P. Smets},
  Journal                  = {Information Fusion},
  Year                     = {2006},
  Pages                    = {276-284},
  Volume                   = {7(3)},

  Owner                    = {admin},
  Timestamp                = {2012.06.03}
}

@Book{Sal03,
  Title                    = {Recherche de motifs fr{\'e}quents pour l'extraction de r{\`e}gles d'association et de caract{\'e}risation},
  Author                   = {A. Salleb},
  Year                     = {2003},

  Url                      = {http://books.google.fr/books?id=heD7XwAACAAJ}
}

@Article{moi16,
  Title                    = {Bounded Support and Confidence over Evidential Databases},
  Author                   = {A. Samet and
T-T. Dao},
  Journal                  = {In Proceeding of International Conference on Computational Science 2016, {ICCS} 2016, San Diego, California, {USA}},
  Year                     = {2016},
  Pages                    = {1822--1833},

  Bibsource                = {dblp computer science bibliography, http://dblp.org},
  Biburl                   = {http://dblp.uni-trier.de/rec/bib/conf/iccS/SametD16},
  Timestamp                = {Tue, 28 Jun 2016 19:28:29 +0200}
}

@Article{moi15,
  Title                    = {Mining over a Reliable Evidential Database: Application on amphiphilic chemical database},
  Author                   = {Samet, A. and Dao, T-T.},
  Journal                  = {In proceeding of 14th International Conference on Machine Learning and Applications, IEEE ICMLA'15, Miami, Florida},
  Year                     = {2015},
  Pages                    = {1257-1262},

  Owner                    = {Ahmed_HP},
  Timestamp                = {2015.11.09}
}

@Article{moi11,
  Title                    = {Classification of high-resolution remote sensing image by adapting the distance belief function estimation model},
  Author                   = {A. Samet and Z. Ben Dhiaf and A. Hamouda and E. Lefevre},
  Journal                  = {In Proceedings of International Conference on Communications, Computing and Control Applications, CCCA'2011, Hammamet, Tunisia},
  Year                     = {2011},
  Pages                    = {1-6},

  Booktitle                = {International Conference on Communications, Computing and Control Applications, CCCA'11},
  Owner                    = {Administrateur},
  Timestamp                = {2011.10.23}
}

@Article{moi13a,
  Title                    = {Generic discounting evaluation approach for urban image classification},
  Author                   = {A. Samet and I. Hammami and E. Lefevre and A. Hamouda},
  Journal                  = {In Proceedings of 3rd international symposium on Integrated Uncertainty in Knowledge Modelling and Decision Making, IUKM'2013, Beijing, China},
  Year                     = {2013},
  Pages                    = {79--90},

  Owner                    = {user},
  Timestamp                = {2013.06.04}
}

@Article{moi15b,
  Title                    = {Reliability Estimation Measure: Generic Discounting Approach},
  Author                   = {A. Samet and E. Lef{\`{e}}vre and I. Hammami and S. Ben Yahia},
  Journal                  = {International Journal of pattern recognition and artificial intelligence},
  Year                     = {2015},
  Number                   = {7},
  Volume                   = {29},

  Bibsource                = {dblp computer science bibliography, http://dblp.org},
  Biburl                   = {http://dblp.uni-trier.de/rec/bib/journals/ijprai/SametLHY15},
  Owner                    = {Ahmed_HP},
  Timestamp                = {2016.01.18}
}

@Article{moi14,
  Title                    = {Classification with Evidential Associative Rules},
  Author                   = {A. Samet and E. Lefevre and S. {Ben Yahia}},
  Journal                  = {In Proceedings of 15th International Conference on Information Processing and Management of Uncertainty in Knowledge-Based Systems, Montpellier, France},
  Year                     = {2014},
  Pages                    = {25-35},

  Owner                    = {user},
  Part                     = {1},
  Timestamp                = {2014.06.10}
}

@Article{moi14a,
  Title                    = {Integration of Extra-Information for Belief Function Theory Conflict Management Problem Through Generic Association Rules},
  Author                   = {Samet, A. and Lefevre, E. and {Ben Yahia}, S.},
  Journal                  = {International Journal of Uncertainty, Fuzziness and Knowledge-Based Systems},
  Year                     = {2014},
  Number                   = {04},
  Pages                    = {531-551},
  Volume                   = {22},

  Owner                    = {Ahmed_HP},
  Timestamp                = {2016.01.18}
}

@Article{moi14b,
  Title                    = {Evidential Database: a new generalization of databases?},
  Author                   = {A. Samet and E. Lefevre and S. {Ben Yahia}},
  Journal                  = {In Proceedings of 3rd International Conference on Belief Functions, Belief 2014, Oxford, UK},
  Year                     = {2014},
  Pages                    = {105-114},

  Owner                    = {Ahmed},
  Timestamp                = {2014.09.12}
}

@Article{moi13,
  Title                    = {Mining frequent itemsets in evidential database},
  Author                   = {A. Samet and E. Lefevre and S. {Ben Yahia}},
  Journal                  = {In Proceedings of the fifth International Conference on Knowledge and Systems Engeneering, Hanoi, Vietnam},
  Year                     = {2013},
  Pages                    = {377-388},

  Owner                    = {user},
  Timestamp                = {2013.08.24}
}

@Article{moi13b,
  Title                    = {Reliability estimation with Extrinsic and Intrinsic measure in belief function theory},
  Author                   = {Samet, A and Lefevre, E. and {Ben Yahia}, S.},
  Journal                  = {In Proceedings of 5th International Conference on Modeling, Simulation and Applied Optimization, ICMSAO'13, Hammamet, Tunisia},
  Year                     = {2013},
  Pages                    = {1-6}
}

@Article{Sar13,
  Title                    = {Understanding quantitative structure--property relationships uncertainty in environmental fate modeling},
  Author                   = {Sarfraz Iqbal, M. and Golsteijn, L. and {\"O}berg, T. and Sahlin, U. and Papa, E. and Kovarich, S. and Huijbregts, M. AJ},
  Journal                  = {Environmental Toxicology and Chemistry},
  Year                     = {2013},
  Number                   = {5},
  Pages                    = {1069--1076},
  Volume                   = {32},

  Publisher                = {Wiley Online Library}
}

@Article{Sav95,
  Title                    = {An Efficient Algorithm for Mining Association Rules in Large Databases},
  Author                   = {Savasere, A. and Omiecinski, E. and Navathe, S. B.},
  Journal                  = {in Proceedings of the 21th International Conference on Very Large Data Bases, Zurich, Switzerland},
  Year                     = {1995},
  Pages                    = {432-444},

  Address                  = {San Francisco, CA, USA},
  Booktitle                = {in Proceedings of the 21th International Conference on Very Large Data Bases, Zurich, Switzerland},
  ISBN                     = {1-55860-379-4},
  Numpages                 = {13},
  Publisher                = {Morgan Kaufmann Publishers Inc.},
  Series                   = {VLDB '95}
}

@Article{Schubert11,
  Title                    = {Conflict Management in {D}empster-{S}hafer Theory Using the Degree of Falsity},
  Author                   = {J. Schubert},
  Journal                  = {International Journal of Approximate Reasoning},
  Year                     = {2011},
  Number                   = {3},
  Pages                    = {449-460},
  Volume                   = {52}
}

@Article{See14,
  Title                    = {FraudMiner: A Novel Credit Card Fraud Detection Model Based on Frequent Itemset Mining},
  Author                   = {Seeja, KR and Zareapoor, Masoumeh},
  Journal                  = {The Scientific World Journal},
  Year                     = {2014},
  Volume                   = {2014},

  Publisher                = {Hindawi Publishing Corporation}
}

@TechReport{Sen02,
  Title                    = {Combination of evidence in {D}empster-{S}hafer theory},
  Author                   = {K. Sentz and S. Ferson},
  Year                     = {2002},

  Owner                    = {user},
  Timestamp                = {2013.06.04}
}

@Book{Sh76,
  Title                    = {A Mathematical Theory of Evidence},
  Author                   = {G. Shafer},
  Publisher                = {Princeton University Press},
  Year                     = {1976},

  Owner                    = {Administrateur},
  Timestamp                = {2011.06.30}
}

@Article{Sha14,
  Title                    = {Efficient distance-based outlier detection on uncertain datasets of Gaussian distribution},
  Author                   = {Shaikh, Salman A and Kitagawa, Hiroyuki},
  Journal                  = {World Wide Web},
  Year                     = {2014},
  Number                   = {4},
  Pages                    = {511--538},
  Volume                   = {17},

  Publisher                = {Springer}
}

@Article{Shu01,
  Title                    = {Query fuzzy association rules in relational database},
  Author                   = {J.Y. Shu and E.C.C Tsang and D.S Yeung},
  Journal                  = {In: IFSA World Congress and 20th NAFIPS international conference, Vancouver, BC, Canada},
  Year                     = {2001},
  Pages                    = {2989-2993},

  Owner                    = {Ahmed},
  Timestamp                = {2012.12.12}
}

@Article{Shy02,
  Title                    = {Mining Association Rules with Uncertain Item Relationships},
  Author                   = {M-L. Shyu and C. Haruechaiyasak and S-C. Chen and K. Premaratne},
  Journal                  = {In Proceedings of 6th World Multi-Conference on Systemics, Cybernetics and Informatics (SCI 2002), Orlando, Florida, USA, July 14-18},
  Year                     = {2002},
  Pages                    = {435-440},

  Owner                    = {Ahmed},
  Timestamp                = {2012.12.12}
}

@Article{Sli11,
  Title                    = {Uncertainty in weather and climate prediction},
  Author                   = {Slingo, Julia and Palmer, Tim},
  Journal                  = {Philosophical Transactions of the Royal Society of London A: Mathematical, Physical and Engineering Sciences},
  Year                     = {2011},
  Number                   = {1956},
  Pages                    = {4751--4767},
  Volume                   = {369},

  ISBN                     = {1471-2962},
  ISSN                     = {1364-503X},
  Owner                    = {Ahmed_HP},
  Publisher                = {The Royal Society},
  Timestamp                = {2015.04.21}
}

@Article{Sma06,
  Title                    = {Proportional conflict redistribution rules for information fusion, Advancesand Applications of DSmT for Information Fusion (Collected works)},
  Author                   = {F. Smarandache and J. Dezert},
  Journal                  = {American Research Press, Rehoboth},
  Year                     = {2006},
  Pages                    = {368},
  Volume                   = {Vol. 2},

  Owner                    = {admin},
  Timestamp                = {2012.06.01}
}

@InProceedings{Sma11,
  Title                    = {Contradiction measures and specificity degrees of basic belief assignments},
  Author                   = {F. Smarandache and A. Martin and C. Osswald},
  Booktitle                = {International Conference on Information Fusion},
  Year                     = {2011},
  Pages                    = {1-8},

  Owner                    = {admin},
  Timestamp                = {2012.05.24}
}

@Article{sm07,
  Title                    = {Analyzing the Combination of Conflicting Belief Functions},
  Author                   = {P. Smets},
  Journal                  = {Information Fusion},
  Year                     = {2007},
  Number                   = {4},
  Pages                    = {387-412},
  Volume                   = {8},

  Owner                    = {Administrateur},
  Timestamp                = {2011.08.25}
}

@Article{Sm05,
  Title                    = {Decision Making in the {TBM} : The Necessity of the Pignistic Transformation},
  Author                   = {P. Smets},
  Journal                  = {International Journal of Approximate Reasoning},
  Year                     = {2005},
  Pages                    = {133-147},
  Volume                   = {38},

  Owner                    = {Administrateur},
  Timestamp                = {2011.08.25}
}

@Article{sm05b,
  Title                    = {Analyzing the Combination of Conflicting Belief Functions},
  Author                   = {P. Smets},
  Journal                  = {Information Fusion},
  Year                     = {2005},
  Number                   = {4},
  Pages                    = {387-412},
  Volume                   = {8},

  Owner                    = {Administrateur},
  Timestamp                = {2011.08.25}
}

@Article{Sm97,
  Title                    = {The alpha-junctions: the commutative and associative non interactive combinationoperators applicable to belief functions},
  Author                   = {Ph. Smets},
  Journal                  = {Qualitative and quantitative pratical reasoning, D. Gabbay and R. Kruseand A. Nonnengart and H.J. Ohlbacg, Springer Verlag, Berlin},
  Year                     = {1997},
  Pages                    = {131-153},

  Owner                    = {admin},
  Timestamp                = {2012.06.03}
}

@InCollection{Sme97,
  Title                    = {Imperfect information: Imprecision and uncertainty},
  Author                   = {P. Smets},
  Booktitle                = {Uncertainty Management in Information Systems},
  Publisher                = {Springer},
  Year                     = {1997},
  Pages                    = {225-254}
}

@Article{Sm94a,
  Title                    = {What is {D}empster-{S}hafers model},
  Author                   = {P. Smets},
  Journal                  = {Advances in the Dempster-Shafer theory of evidence},
  Year                     = {1994},
  Pages                    = {5-34},

  Publisher                = {Citeseer}
}

@Article{Sm93,
  Title                    = {Beliefs functions : The {D}isjunctive {R}ule of {C}ombination and the {G}eneralized {B}ayesian {T}heorem},
  Author                   = {P. Smets},
  Journal                  = {International Journal of Approximate Reasoning},
  Year                     = {1993},
  Number                   = {1},
  Pages                    = {1-35},
  Volume                   = {9},

  Owner                    = {Administrateur},
  Timestamp                = {2011.09.02}
}

@Article{sm93a,
  Title                    = {Quantifying Beliefs by Belief Functions: An Axiomatic Justification},
  Author                   = {P. Smets},
  Journal                  = {In Proceedings of the 13th International Joint Conference on Artifical Intelligence - Volume 1, Chambery, France},
  Year                     = {1993},
  Pages                    = {598-603},

  Numpages                 = {6},
  Series                   = {IJCAI'93}
}

@Article{Sme93,
  Title                    = {Quantifying Beliefs by Belief Functions: An Axiomatic Justification},
  Author                   = {Smets, P.},
  Journal                  = {in Proceedings of the 13th International Joint Conference on Artifical Intelligence - Volume 1,IJCAI'93, Chambery, France},
  Year                     = {1993},
  Pages                    = {598--603},

  Numpages                 = {6},
  Owner                    = {user},
  Timestamp                = {2014.05.21}
}

@Article{Sm90,
  Title                    = {The {T}ransferable {B}elief {M}odel and Other Interpretations of {D}empster-{S}hafer's {M}odel},
  Author                   = {P. Smets},
  Journal                  = {In Proceedings of the Sixth Annual Conference on Uncertainty in Artificial Intelligence, {UAI'90}, MIT, Cambridge, MA},
  Year                     = {1990},
  Pages                    = {375-383},

  Owner                    = {Administrateur},
  Timestamp                = {2011.06.30}
}

@Article{Sm90b,
  Title                    = {The Combination of Evidence in the {T}ransferable {B}elief {M}odel},
  Author                   = {P. Smets},
  Journal                  = {IEEE Transactions on Pattern Analysis and Machine Intelligence},
  Year                     = {1990},
  Number                   = {5},
  Pages                    = {447-458},
  Volume                   = {12},

  Owner                    = {Administrateur},
  Timestamp                = {2011.08.25}
}

@Article{Sme00,
  Title                    = {The Combination of Evidence in the Transferable Belief Model},
  Author                   = {Smets, P.},
  Journal                  = {IEEE Trans. Pattern Anal. Mach. Intell.},
  Year                     = {1990},

  Month                    = may,
  Number                   = {5},
  Pages                    = {447--458},
  Volume                   = {12},

  Acmid                    = {81052},
  Address                  = {Washington, DC, USA},
  Doi                      = {10.1109/34.55104},
  ISSN                     = {0162-8828},
  Issue_date               = {May 1990},
  Keywords                 = {Dempster's rule, belief functions, closed-world assumption, cognitive systems, evidence, open world, probability, transferable belief model},
  Numpages                 = {12},
  Publisher                = {IEEE Computer Society},
  Url                      = {http://dx.doi.org/10.1109/34.55104}
}

@Article{Sme88,
  Title                    = {Belief functions},
  Author                   = {P. Smets},
  Journal                  = {in Non Standard Logics for Automated Reasoning , P. Smets, A. Mamdani, D. Dubois, and H. Prade, Eds. London,U.K: Academic},
  Year                     = {1988},
  Pages                    = {253-286},

  Owner                    = {Ahmed},
  Timestamp                = {2012.11.25}
}

@Article{Sm83,
  Title                    = {Information Content of an Evidence},
  Author                   = {P. Smets},
  Journal                  = {International Journal of Man-Machine Studies},
  Year                     = {1983},
  Pages                    = {33-43},
  Volume                   = {19},

  Owner                    = {Administrateur},
  Timestamp                = {2011.09.02}
}

@Article{Sm94,
  Title                    = {The {T}ransferable {B}elief {M}odel},
  Author                   = {P. Smets and R. Kennes},
  Journal                  = {Artificial Intelligence},
  Year                     = {1994},
  Number                   = {2},
  Pages                    = {191-234},
  Volume                   = {66},

  Owner                    = {Administrateur},
  Timestamp                = {2011.11.17}
}

@Article{Tabassian12,
  Title                    = {Combination of Multiple Diverse Classifiers Using Belief Functions for HandlingData with Imperfect Labels},
  Author                   = {M. Tabassian and R. Ghaderi and R. Ebrahimpour},
  Journal                  = {Expert Systems with Applications},
  Year                     = {2012},
  Number                   = {2},
  Pages                    = {1698-1707},
  Volume                   = {39}
}

@Article{Tes93,
  Title                    = {Approximations for efficient computation in the theory of evidence},
  Author                   = {B. Tessem},
  Journal                  = {Artificial Intelligence},
  Year                     = {1993},
  Pages                    = {315-329},

  Owner                    = {admin},
  Timestamp                = {2012.06.01}
}

@Article{bach08a,
  Title                    = {A new algorithm for mining frequent itemsets from evidential databases},
  Author                   = {Tobji, MA Bach and Yaghlane, Boutheina Ben and Mellouli, Khaled},
  Journal                  = {In proceeding of Proceedings of 12th International Conference Information Processing and Management of Uncertainty for Knowledge-Based Systems, Malaga, Spain},
  Year                     = {2008},
  Pages                    = {1535--1542},
  Volume                   = {8},

  Booktitle                = {Proceedings of IPMU}
}

@Article{Ton12,
  Title                    = {Mining frequent itemsets over uncertain databases},
  Author                   = {Tong, Y. and Chen, L. and Cheng, Y. and Yu, P. S},
  Journal                  = {In Proceedings of the VLDB Endowment},
  Year                     = {2012},
  Number                   = {11},
  Pages                    = {1650--1661},
  Volume                   = {5},

  Publisher                = {VLDB Endowment}
}

@Article{Van03,
  Title                    = {Un {\'e}tat de lart sur les fonctions de croyance appliqu{\'e}es au traitement de linformation},
  Author                   = {P. Vannoorenberghe},
  Journal                  = {Revue I3},
  Year                     = {2003},
  Number                   = {1},
  Pages                    = {9--45},
  Volume                   = {3}
}

@InProceedings{van01,
  Title                    = {Likelihood-based vs. distance-based evidential classifiers},
  Author                   = {P. Vannoorenbergue and T. Denoeux},
  Booktitle                = {Proc. Of {FUZZ}-{IEEE'001}, Melbourne, Australia, December},
  Year                     = {2001},

  Journal                  = {Proc. of FUZZ-IEEE?2001, Melbourne, Australia, December .},
  Owner                    = {Administrateur},
  Timestamp                = {2011.11.08}
}

@InProceedings{Ver09,
  Title                    = {Belief Assignment on Compound Hypotheses Within the Framework of the {T}ransferable{B}elief {M}odel},
  Author                   = {A. Veremme and D. Dupont and E. Lefevre and D. Mercier},
  Booktitle                = {International Conference on Information Fusion, {FUSION'2009}},
  Year                     = {2009},
  Pages                    = {498-505},

  Journal                  = {12th International Conference on Information Fusion, FUSION'2009, Seattle,Washington},
  Owner                    = {Administrateur},
  Timestamp                = {2011.11.17}
}

@Article{Veremme12,
  Title                    = {Evidential Calibration Process of Multi-Agent Based System: An Applicationto Forensic Entomology},
  Author                   = {A. Veremme and E. Lefevre and G. Morvan and D. Dupont and D. Jolly},
  Journal                  = {Expert Systems with Applications},
  Year                     = {2012},
  Number                   = {3},
  Pages                    = {2361-2374},
  Volume                   = {39}
}

@Book{Wal91,
  Title                    = {Statistical reasoning with imprecise probabilities},
  Author                   = {Walley, P.},
  Publisher                = {Chapman and Hall London},
  Year                     = {1991}
}

@Article{Wan09,
  Title                    = {Distance-Based Outlier Detection on Uncertain Data},
  Author                   = {Bin Wang and Gang Xiao and Hao Yu and Xiaochun Yang},
  Journal                  = {In Proceeding of Ninth IEEE International Conference on Computer and Information Technology, CIT '09, Xiamen, China},
  Year                     = {2009},

  Month                    = {Oct},
  Pages                    = {293-298},
  Volume                   = {1}
}

@Book{Wang05,
  Title                    = {Introduction to data mining in bioinformatics},
  Author                   = {Wang, J. TL. and Zaki, M. J. and Toivonen, H. TT. and Shasha, D.},
  Publisher                = {Springer},
  Year                     = {2005}
}

@Article{Weng2010,
  Title                    = {Mining fuzzy association rules from uncertain data, Springer-Verlag New York, Inc. New York, NY, USA ISSN: 0219-1377 doi},
  Author                   = {C.H. Weng and Y.L. Chen},
  Journal                  = {knowledge and information systems},
  Year                     = {2010},
  Pages                    = {129-152},
  Volume                   = {Volume 23 Issue 2},

  Owner                    = {Ahmed},
  Timestamp                = {2012.12.12}
}

@Article{Weng10,
  Title                    = {Mining fuzzy association rules from uncertain data},
  Author                   = {Weng, C-H and Chen, Y-L},
  Journal                  = {Knowledge and Information Systems},
  Year                     = {2010},
  Number                   = {2},
  Pages                    = {129-152},
  Volume                   = {23},

  Language                 = {English},
  Publisher                = {Springer-Verlag}
}

@Article{Widom05,
  Title                    = {Trio: {A} System for Integrated Management of Data, Accuracy, and
 Lineage},
  Author                   = {Jennifer Widom},
  Journal                  = {In Proceeding of the Second Biennial Conference on Innovative Data Systems Research (CIDR '05), Pacific Grove, California},
  Year                     = {2005},
  Pages                    = {262--276},

  Booktitle                = {{CIDR}}
}

@Article{wu05,
  Title                    = {Database classification for multi-database mining},
  Author                   = {Wu, Xindong and Zhang, Chengqi and Zhang, Shichao},
  Journal                  = {Information Systems},
  Year                     = {2005},
  Pages                    = {71-88},
  Volume                   = {30},

  Acmid                    = {1039763},
  Address                  = {Oxford, UK, UK},
  ISSN                     = {0306-4379},
  Issue_date               = {March 2005},
  Numpages                 = {18},
  Publisher                = {Elsevier Science Ltd.}
}

@Article{Xio06,
  Title                    = {Enhancing data analysis with noise removal},
  Author                   = {Hui Xiong and Pandey, G. and Steinbach, M. and Kumar, V.},
  Journal                  = {IEEE Transactions on Knowledge and Data Engineering},
  Year                     = {2006},
  Number                   = {3},
  Pages                    = {304-319},
  Volume                   = {18},

  ISSN                     = {1041-4347}
}

@Article{Yag92,
  Title                    = {On Considerations of Credibility of Evidence},
  Author                   = {R.R. Yager},
  Journal                  = {International Journal of Approximate Reasoning},
  Year                     = {1992},
  Pages                    = {45-72},
  Volume                   = {7},

  Owner                    = {admin},
  Timestamp                = {2012.06.03}
}

@Article{Yag87,
  Title                    = {On the {D}empster-{S}hafer Framework and New Combination Rule},
  Author                   = {R.R. Yager},
  Journal                  = {Information Sciences},
  Year                     = {1987},
  Pages                    = {93-138.},
  Volume                   = {41},

  Owner                    = {Administrateur},
  Timestamp                = {2011.11.17}
}

@Article{yaghlaneDM2008,
  Title                    = {Elicitation of expert opinions for constructing belief functions},
  Author                   = {Yaghlane, A and Den{\oe}ux, Thierry and Mellouli, Khaled},
  Journal                  = {Uncertainty and intelligent information systems},
  Year                     = {2008},
  Pages                    = {75--88}
}

@Article{yaghlaneDM2006,
  Title                    = {Constructing belief functions from qualitative expert opinions},
  Author                   = {Yaghlane, A Ben and Denoeux, Thierry and Mellouli, Khaled},
  Journal                  = {In Proceeding of the second International Conference on Information and Communication Technologies, ICTTA'06, Damascus,
Syria},
  Year                     = {2006},
  Pages                    = {1363--1368},
  Volume                   = {1}
}

@Article{Yang09,
  Title                    = {Constructing Confidence Belief Functions from One Expert},
  Author                   = {S-L. Yang and C. Fu},
  Journal                  = {Expert Systems with Applications},
  Year                     = {2009},
  Number                   = {4},
  Pages                    = {8537-8548},
  Volume                   = {36}
}

@Article{Yang01,
  Title                    = {Proportional k-Interval Discretization for Naive-Bayes Classifiers},
  Author                   = {Ying Yang and Geoffrey I. Webb},
  Journal                  = {In Procceding of 12th European Conference on Machine Learning, Freiburg, Germany},
  Year                     = {2001},
  Pages                    = {564-575},
  Volume                   = {2167},

  Booktitle                = {In Procceding of 12th European Conference on Machine Learning, Freiburg, Germany},
  Publisher                = {Springer},
  Series                   = {LNCS}
}

@Article{Yen05,
  Title                    = {Mining interesting sequential patterns for intelligent systems},
  Author                   = {Yen, Show-Jane},
  Journal                  = {International Journal of Intelligent Systems},
  Year                     = {2005},
  Number                   = {1},
  Pages                    = {73--87},
  Volume                   = {20},

  ISSN                     = {1098-111X},
  Owner                    = {Ahmed_HP},
  Publisher                = {Wiley Subscription Services, Inc., A Wiley Company},
  Timestamp                = {2016.01.14}
}

@Article{Yin06,
  Title                    = {Data Mining in Incomplete Database},
  Author                   = {Yin, Jian and Zhou, Xiangfu and Yang, Min},
  Journal                  = {Computer Engineering},
  Year                     = {2006},
  Pages                    = {013},
  Volume                   = {12}
}

@Article{Yin03,
  Title                    = {CPAR: Classification based on Predictive Association Rules},
  Author                   = {X. Yin and J. Han},
  Journal                  = {In Proceedings of 2003 SIAM International Conference on Data Mining (SDM03), San Francisco, CA},
  Year                     = {2003}
}

@Article{Zad94,
  Title                    = {A Simple View of the {D}empster-{S}hafer Theory of Evidence and its Implication for the Rule of Combination},
  Author                   = {L.A. Zadeh},
  Journal                  = {The AI Magazine},
  Year                     = {1994},
  Pages                    = {85-90},
  Volume                   = {7, no. 2},

  Owner                    = {admin},
  Timestamp                = {2012.06.01}
}

@Article{Zad84,
  Title                    = {Review of {S}hafer's mathematical theory of evidence},
  Author                   = {L.A. Zadeh},
  Journal                  = {AI Magazine 5},
  Year                     = {1984},
  Pages                    = {81-83},

  Owner                    = {Ahmed},
  Timestamp                = {2012.11.30}
}

@Article{Zad78,
  Title                    = {Fuzzy sets as a basis for theory of possibility},
  Author                   = {L.A. Zadeh},
  Journal                  = {Fuzzy Sets and Systems},
  Year                     = {1978},
  Pages                    = {3-28},
  Volume                   = {1}
}

@Article{Za65,
  Title                    = {Fuzzy Sets},
  Author                   = {L.A. Zadeh},
  Journal                  = {Information and Control},
  Year                     = {1965},
  Number                   = {3},
  Pages                    = {338-353},
  Volume                   = {8},

  Owner                    = {Administrateur},
  Timestamp                = {2011.08.25}
}

@Article{Zaf05,
  Title                    = {Editorial: Imprecise probability perspectives on artificial intelligence},
  Author                   = {M. Zaffalon and G. Cooman},
  Journal                  = {Annals of Mathematics and Artificial Intelligence},
  Year                     = {2005},
  Number                   = {1-2},
  Pages                    = {1-4},
  Volume                   = {45},

  ISSN                     = {1012-2443},
  Publisher                = {Springer Netherlands}
}

@Article{Zaki00,
  Title                    = {Scalable algorithms for association mining},
  Author                   = {Zaki, M.J.},
  Journal                  = {IEEE Transactions on Knowledge and Data Engineering},
  Year                     = {2000},

  Month                    = {May},
  Number                   = {3},
  Pages                    = {372-390},
  Volume                   = {12}
}

@InProceedings{Zaki02,
  Title                    = {{CHARM}: An Efficient Algorithm for Closed Itemset Mining.},
  Author                   = {Zaki, M.J. and Hsiao, C-J.},
  Booktitle                = {SDM},
  Year                     = {2002},
  Organization             = {SIAM},
  Pages                    = {457-473},
  Volume                   = {2}
}

@Article{Zha94,
  Title                    = {Representation, Independence, and Combination of Evidence in the {D}empster-{S}haferTheory},
  Author                   = {L. Zhang},
  Journal                  = {Advances in the {D}empster-{S}hafer theory of evidence},
  Year                     = {1994},
  Pages                    = {51-69},

  Owner                    = {admin},
  Timestamp                = {2012.06.03}
}

@Article{Zimanyi97,
  Title                    = {Query Evaluation in Probabilistic Relational Databases},
  Author                   = {Esteban Zim{\'{a}}nyi},
  Journal                  = {Theor. Comput. Sci.},
  Year                     = {1997},
  Number                   = {1-2},
  Pages                    = {179--219},
  Volume                   = {171}
}

@Article{den98,
  Title                    = {An Evidence-Theoretic {K-NN} Rule with Parameter Optimization},
  Author                   = {L.M. Zouhal and T. Denoeux},
  Journal                  = {IEEE Transactions on Systems, Man and Cybernetics, Part C},
  Year                     = {1998},
  Number                   = {2},
  Pages                    = {263-271},
  Volume                   = {28},

  Owner                    = {Administrateur},
  Timestamp                = {2011.03.24}
}

@Article{,
  author   = {KOU, GANG and LU, YANQUN and PENG, YI and SHI, YONG},
  title    = {EVALUATION OF CLASSIFICATION ALGORITHMS USING MCDM AND RANK CORRELATION},
  journal  = {International Journal of Information Technology \& Decision Making},
  year     = {2012},
  volume   = {11},
  number   = {01},
  pages    = {197-225},
  abstract = { Classification algorithm selection is an important issue in many disciplines. Since it normally involves more than one criterion, the task of algorithm selection can be modeled as multiple criteria decision making (MCDM) problems. Different MCDM methods evaluate classifiers from different aspects and thus they may produce divergent rankings of classifiers. The goal of this paper is to propose an approach to resolve disagreements among MCDM methods based on Spearman's rank correlation coefficient. Five MCDM methods are examined using 17 classification algorithms and 10 performance criteria over 11 public-domain binary classification datasets in the experimental study. The rankings of classifiers are quite different at first. After applying the proposed approach, the differences among MCDM rankings are largely reduced. The experimental results prove that the proposed approach can resolve conflicting MCDM rankings and reach an agreement among different MCDM methods. },
  doi      = {10.1142/S0219622012500095},
  eprint   = {https://doi.org/10.1142/S0219622012500095},
  url      = { 
        https://doi.org/10.1142/S0219622012500095
    
},
}

@Article{Kou12,
  author   = {Kou, Gang and Lu, Yanqun and Peng, Yi and Shi, Yong},
  title    = {EVALUATION OF CLASSIFICATION ALGORITHMS USING MCDM AND RANK CORRELATION},
  journal  = {International Journal of Information Technology \& Decision Making},
  year     = {2012},
  volume   = {11},
  number   = {01},
  pages    = {197-225},
  abstract = { Classification algorithm selection is an important issue in many disciplines. Since it normally involves more than one criterion, the task of algorithm selection can be modeled as multiple criteria decision making (MCDM) problems. Different MCDM methods evaluate classifiers from different aspects and thus they may produce divergent rankings of classifiers. The goal of this paper is to propose an approach to resolve disagreements among MCDM methods based on Spearman's rank correlation coefficient. Five MCDM methods are examined using 17 classification algorithms and 10 performance criteria over 11 public-domain binary classification datasets in the experimental study. The rankings of classifiers are quite different at first. After applying the proposed approach, the differences among MCDM rankings are largely reduced. The experimental results prove that the proposed approach can resolve conflicting MCDM rankings and reach an agreement among different MCDM methods. },
}

@Article{Kou14,
  author  = {Gang Kou and Yi Peng and Guoxun Wang},
  title   = {Evaluation of clustering algorithms for financial risk analysis using MCDM methods},
  journal = {Information Sciences},
  year    = {2014},
  volume  = {275},
  pages   = {1 - 12},
  issn    = {0020-0255},
}

@Article{Cui02,
  author    = {Cuissart, Bertrand and Touffet, Fr{\'e}d{\'e}rique and Cr{\'e}milleux, Bruno and Bureau, Ronan and Rault, Sylvain},
  title     = {The maximum common substructure as a molecular depiction in a supervised classification context: experiments in quantitative structure/biodegradability relationships},
  journal   = {Journal of chemical information and computer sciences},
  year      = {2002},
  volume    = {42},
  number    = {5},
  pages     = {1043--1052},
  publisher = {ACS Publications},
}

@Article{Gau18,
  author    = {Gaudin, Th{\'e}ophile and Rotureau, Patricia and Pezron, Isabelle and Fayet, Guillaume},
  title     = {Investigating the impact of sugar-based surfactants structure on surface tension at critical micelle concentration with structure-property relationships},
  journal   = {Journal of colloid and interface science},
  year      = {2018},
  volume    = {516},
  pages     = {162--171},
  publisher = {Elsevier},
}

@Comment{jabref-meta: databaseType:bibtex;}


@article{ansari2019prima,
  title={PriMa: a prescriptive maintenance model for cyber-physical production systems},
  author={Ansari, Fazel and Glawar, Robert and Nemeth, Tanja},
  journal={International Journal of Computer Integrated Manufacturing},
  pages={1--22},
  year={2019},
  publisher={Taylor \& Francis}
}

@article{zhou2015research,
  title={A research on intelligent fault diagnosis of wind turbines based on ontology and FMECA},
  author={Zhou, Anmei and Yu, Dejie and Zhang, Wenyi},
  journal={Advanced Engineering Informatics},
  volume={29},
  number={1},
  pages={115--125},
  year={2015},
  publisher={Elsevier}
}

@article{cao2019smart,
  title={Smart Condition Monitoring for Industry 4.0 Manufacturing Processes: An Ontology-Based Approach},
  author={Cao, Qiushi and Giustozzi, Franco and Zanni-Merk, Cecilia and de Bertrand de Beuvron, Fran{\c{c}}ois and Reich, Christoph},
  journal={Cybernetics and Systems},
  pages={1--15},
  year={2019},
  publisher={Taylor \& Francis}
}

@article{medina2014predictive,
  title={Predictive diagnosis based on a fleet-wide ontology approach},
  author={Medina-Oliva, Gabriela and Voisin, Alexandre and Monnin, Maxime and Leger, Jean-Baptiste},
  journal={Knowledge-Based Systems},
  volume={68},
  pages={40--57},
  year={2014},
  publisher={Elsevier}
}

@article{nunez2018ontoprog,
  title={OntoProg: An ontology-based model for implementing Prognostics Health Management in mechanical machines},
  author={Nu{\~n}ez, David Lira and Borsato, Milton},
  journal={Advanced Engineering Informatics},
  volume={38},
  pages={746--759},
  year={2018},
  publisher={Elsevier}
}


@article{grall2002continuous,
  title={Continuous-time predictive-maintenance scheduling for a deteriorating system},
  author={Grall, Antoine and Dieulle, Laurence and B{\'e}renguer, Christophe and Roussignol, Michel},
  journal={IEEE transactions on reliability},
  volume={51},
  number={2},
  pages={141--150},
  year={2002},
  publisher={IEEE}
}

@article{ansari2019prima,
  title={PriMa: a prescriptive maintenance model for cyber-physical production systems},
  author={Ansari, Fazel and Glawar, Robert and Nemeth, Tanja},
  journal={International Journal of Computer Integrated Manufacturing},
  pages={1--22},
  year={2019},
  publisher={Taylor \& Francis}
}

@article{choudhary2009data,
  title={Data mining in manufacturing: a review based on the kind of knowledge},
  author={Choudhary, Alok Kumar and Harding, Jenny A and Tiwari, Manoj Kumar},
  journal={Journal of Intelligent Manufacturing},
  volume={20},
  number={5},
  pages={501},
  year={2009},
  publisher={Springer}
}

@article{cram2012complete,
  title={A complete chronicle discovery approach: application to activity analysis},
  author={Cram, Damien and Mathern, Beno{\^\i}t and Mille, Alain},
  journal={Expert Systems},
  volume={29},
  number={4},
  pages={321--346},
  year={2012},
  publisher={Wiley Online Library}
}

@article{lee2015cyber,
  title={A cyber-physical systems architecture for industry 4.0-based manufacturing systems},
  author={Lee, Jay and Bagheri, Behrad and Kao, Hung-An},
  journal={Manufacturing letters},
  volume={3},
  pages={18--23},
  year={2015},
  publisher={Elsevier}
}

@article{efthymiou2012predictive,
  title={On a predictive maintenance platform for production systems},
  author={Efthymiou, K and Papakostas, N and Mourtzis, D and Chryssolouris, G},
  journal={Procedia CIRP},
  volume={3},
  pages={221--226},
  year={2012},
  publisher={Elsevier}
}

@inproceedings{monnin2011fleet,
  title={Fleet historical cases for predictive maintenance},
  author={Monnin, Maxime and Abichou, Bouthaina and Voisin, Alexandre and Mozzati, Christophe},
  booktitle={The International Conference Surveillance},
  volume={6},
  pages={25--26},
  year={2011}
}

@article{shingler2008rcm,
  title={From RCM to predictive maintenance: The InteGRail approach},
  author={Shingler, R and Fadin, G and Umiliacchi, P},
  year={2008},
  publisher={IET}
}

@article{umiliacchi2005ec,
  title={EC projects for railway interoperability},
  author={Umiliacchi, P},
  journal={ITS Hannover 2005},
  year={2005}
}

@inproceedings{umiliacchi2006new,
  title={A new approach to optimisation through intelligent integration of railway systems: the InteGRail project},
  author={Umiliacchi, Paolo and Shingler, Roger and Langer, Gerhard and Henning, Uwe},
  booktitle={Proceedings of the 7th WCRR, World Conference on Railway Research},
  year={2006}
}


@article{lee2014service,
  title={Service innovation and smart analytics for industry 4.0 and big data environment},
  author={Lee, Jay and Kao, Hung-An and Yang, Shanhu},
  journal={Procedia Cirp},
  volume={16},
  pages={3--8},
  year={2014},
  publisher={Elsevier}
}

@article{lasi2014industry,
  title={Industry 4.0},
  author={Lasi, Heiner and Fettke, Peter and Kemper, Hans-Georg and Feld, Thomas and Hoffmann, Michael},
  journal={Business \& information systems engineering},
  volume={6},
  number={4},
  pages={239--242},
  year={2014},
  publisher={Springer}
}

@article{zhou2015research,
  title={A research on intelligent fault diagnosis of wind turbines based on ontology and FMECA},
  author={Zhou, Anmei and Yu, Dejie and Zhang, Wenyi},
  journal={Advanced Engineering Informatics},
  volume={29},
  number={1},
  pages={115--125},
  year={2015},
  publisher={Elsevier}
}

@inproceedings{papadopoulos2009wind,
  title={Wind turbines' condition monitoring: an ontology model},
  author={Papadopoulos, Panagiotis and Cipcigan, Liana},
  booktitle={2009 International Conference on Sustainable Power Generation and Supply},
  pages={1--4},
  year={2009},
  organization={IEEE}
}

@inproceedings{emmanouilidis2010condition,
  title={Condition monitoring based on incremental learning and domain ontology for condition-based maintenance},
  author={Emmanouilidis, Christos and Fumagalli, Luca and Jantunen, Erkki and Pistofidis, Petros and Macchi, Marco and Garetti, Marco and others},
  booktitle={11th International Conference on Advances in Production Management Systems, APMS},
  year={2010}
}

@incollection{fensel2001ontologies,
  title={Ontologies},
  author={Fensel, Dieter},
  booktitle={Ontologies},
  pages={11--18},
  year={2001},
  publisher={Springer}
}

@misc{noy2001ontology,
  title={Ontology development 101: A guide to creating your first ontology},
  author={Noy, Natalya F and McGuinness, Deborah L and others},
  year={2001},
  publisher={Stanford knowledge systems laboratory technical report KSL-01-05 and~…}
}


@article{horrocks2006swrl,
  title={SWRL: a semantic web rule language combining OWL and RuleML, 2004},
  author={Horrocks, Ian and Patel-Schneider, Peter F and Boley, Harold and Tabet, Said and Grosof, Benjamin and Dean, Mike and others},
  journal={W3C Submission},
  year={2006}
}

@article{ansari2019prima,
  title={PriMa: a prescriptive maintenance model for cyber-physical production systems},
  author={Ansari, Fazel and Glawar, Robert and Nemeth, Tanja},
  journal={International Journal of Computer Integrated Manufacturing},
  pages={1--22},
  year={2019},
  publisher={Taylor \& Francis}
}

@book{kolodner2014case,
  title={Case-based reasoning},
  author={Kolodner, Janet},
  year={2014},
  publisher={Morgan Kaufmann}
}

@article{avizienis2004basic,
  title={Basic concepts and taxonomy of dependable and secure computing},
  author={Avizienis, Algirdas and Laprie, J-C and Randell, Brian and Landwehr, Carl},
  journal={IEEE transactions on dependable and secure computing},
  volume={1},
  number={1},
  pages={11--33},
  year={2004},
  publisher={IEEE}
}

@article{coradeschi2003introduction,
  title={An introduction to the anchoring problem},
  author={Coradeschi, Silvia and Saffiotti, Alessandro},
  journal={Robotics and Autonomous Systems},
  volume={43},
  number={2-3},
  pages={85--96},
  year={2003},
  publisher={Elsevier}
}

@article{bezdek1984fcm,
  title={FCM: The fuzzy c-means clustering algorithm},
  author={Bezdek, James C and Ehrlich, Robert and Full, William},
  journal={Computers \& Geosciences},
  volume={10},
  number={2-3},
  pages={191--203},
  year={1984},
  publisher={Elsevier}
}

@inproceedings{stojanovic2002user,
  title={User-driven ontology evolution management},
  author={Stojanovic, Ljiljana and Maedche, Alexander and Motik, Boris and Stojanovic, Nenad},
  booktitle={International Conference on Knowledge Engineering and Knowledge Management},
  pages={285--300},
  year={2002},
  organization={Springer}
}

@article{kononenko1991information,
  title={Information-based evaluation criterion for classifier's performance},
  author={Kononenko, Igor and Bratko, Ivan},
  journal={Machine Learning},
  volume={6},
  number={1},
  pages={67--80},
  year={1991},
  publisher={Springer}
}

@article{an2001rule,
  title={Rule quality measures for rule induction systems: Description and evaluation},
  author={An, Aijun and Cercone, Nick},
  journal={Computational Intelligence},
  volume={17},
  number={3},
  pages={409--424},
  year={2001},
  publisher={Wiley Online Library}
}

@article{dell2017stream,
  title={Stream reasoning: A survey and outlook},
  author={Dell’Aglio, Daniele and Della Valle, Emanuele and van Harmelen, Frank and Bernstein, Abraham},
  journal={Data Science},
  volume={1},
  number={1-2},
  pages={59--83},
  year={2017},
  publisher={IOS Press}
}

@book{weilkiens2011systems,
  title={Systems engineering with SysML/UML: modeling, analysis, design},
  author={Weilkiens, Tim},
  year={2011},
  publisher={Elsevier}
}

@article{dey2001conceptual,
  title={A conceptual framework and a toolkit for supporting the rapid prototyping of context-aware applications},
  author={Dey, Anind K and Abowd, Gregory D and Salber, Daniel},
  journal={Human--Computer Interaction},
  volume={16},
  number={2-4},
  pages={97--166},
  year={2001},
  publisher={Taylor \& Francis}
}

@article{bettini2010survey,
  title={A survey of context modelling and reasoning techniques},
  author={Bettini, Claudio and Brdiczka, Oliver and Henricksen, Karen and Indulska, Jadwiga and Nicklas, Daniela and Ranganathan, Anand and Riboni, Daniele},
  journal={Pervasive and Mobile Computing},
  volume={6},
  number={2},
  pages={161--180},
  year={2010},
  publisher={Elsevier}
}

@book{miettinen2012nonlinear,
  title={Nonlinear multiobjective optimization},
  author={Miettinen, Kaisa},
  volume={12},
  year={2012},
  publisher={Springer Science \& Business Media}
}

@inproceedings{o2009sqwrl,
  title={SQWRL: a query language for OWL.},
  author={O'Connor, Martin J and Das, Amar K},
  booktitle={OWLED},
  volume={529},
  number={2009},
  year={2009}
}

@inproceedings{agrawal1995mining,
  title={Mining sequential patterns},
  author={Agrawal, Rakesh and Srikant, Ramakrishnan and others},
  booktitle={icde},
  volume={95},
  number={1995},
  pages={3--14},
  year={1995}
}

@article{cao2019smart,
  title={Smart Condition Monitoring for Industry 4.0 Manufacturing Processes: An Ontology-Based Approach},
  author={Cao, Qiushi and Giustozzi, Franco and Zanni-Merk, Cecilia and de Bertrand de Beuvron, Fran{\c{c}}ois and Reich, Christoph},
  journal={Cybernetics and Systems},
  pages={1--15},
  year={2019},
  publisher={Taylor \& Francis}
}

@incollection{nayak2015fuzzy,
  title={Fuzzy C-means (FCM) clustering algorithm: a decade review from 2000 to 2014},
  author={Nayak, Janmenjoy and Naik, Bighnaraj and Behera, HS},
  booktitle={Computational intelligence in data mining-volume 2},
  pages={133--149},
  year={2015},
  publisher={Springer}
}

@article{chuang2006fuzzy,
  title={Fuzzy c-means clustering with spatial information for image segmentation},
  author={Chuang, Keh-Shih and Tzeng, Hong-Long and Chen, Sharon and Wu, Jay and Chen, Tzong-Jer},
  journal={computerized medical imaging and graphics},
  volume={30},
  number={1},
  pages={9--15},
  year={2006},
  publisher={Elsevier}
}

@article{ashburner2000gene,
  title={Gene ontology: tool for the unification of biology},
  author={Ashburner, Michael and Ball, Catherine A and Blake, Judith A and Botstein, David and Butler, Heather and Cherry, J Michael and Davis, Allan P and Dolinski, Kara and Dwight, Selina S and Eppig, Janan T and others},
  journal={Nature genetics},
  volume={25},
  number={1},
  pages={25},
  year={2000},
  publisher={Nature Publishing Group}
}

@article{mcguinness2004owl,
  title={OWL web ontology language overview},
  author={McGuinness, Deborah L and Van Harmelen, Frank and others},
  journal={W3C recommendation},
  volume={10},
  number={10},
  pages={2004},
  year={2004}
}

@article{bobillo2011fuzzy,
  title={Fuzzy ontology representation using OWL 2},
  author={Bobillo, Fernando and Straccia, Umberto},
  journal={International Journal of Approximate Reasoning},
  volume={52},
  number={7},
  pages={1073--1094},
  year={2011},
  publisher={Elsevier}
}

@inproceedings{fudholi2009application,
  title={Application of Prot{\'e}g{\'e}, SWRL and SQWRL in fuzzy ontology-based menu recommendation},
  author={Fudholi, Dhomas Hatta and Maneerat, Noppadol and Varakulsiripunth, Ruttikorn and Kato, Yasushi},
  booktitle={2009 International Symposium on Intelligent Signal Processing and Communication Systems (ISPACS)},
  pages={631--634},
  year={2009},
  organization={IEEE}
}

@article{gennari2003evolution,
  title={The evolution of Prot{\'e}g{\'e}: an environment for knowledge-based systems development},
  author={Gennari, John H and Musen, Mark A and Fergerson, Ray W and Grosso, William E and Crub{\'e}zy, Monica and Eriksson, Henrik and Noy, Natalya F and Tu, Samson W},
  journal={International Journal of Human-computer studies},
  volume={58},
  number={1},
  pages={89--123},
  year={2003},
  publisher={Elsevier}
}

@article{horrocks2004swrl,
  title={SWRL: A semantic web rule language combining OWL and RuleML},
  author={Horrocks, Ian and Patel-Schneider, Peter F and Boley, Harold and Tabet, Said and Grosof, Benjamin and Dean, Mike and others},
  journal={W3C Member submission},
  volume={21},
  number={79},
  year={2004}
}

@article{hirate2006generalized,
  title={Generalized Sequential Pattern Mining with Item Intervals.},
  author={Hirate, Yu and Yamana, Hayato},
  journal={JCP},
  volume={1},
  number={3},
  pages={51--60},
  year={2006}
}

@misc{Dua:2019,
author = "Dua, Dheeru and Graff, Casey",
year = "2017",
title = "{UCI} Machine Learning Repository",
url = "http://archive.ics.uci.edu/ml",
institution = "University of California, Irvine, School of Information and Computer Sciences" }

@article{horridge2011owl,
  title={The owl api: A java api for owl ontologies},
  author={Horridge, Matthew and Bechhofer, Sean},
  journal={Semantic Web},
  volume={2},
  number={1},
  pages={11--21},
  year={2011},
  publisher={IOS Press}
}

@inproceedings{o2008swrlapi,
  title={The SWRLAPI: A Development Environment for Working with SWRL Rules.},
  author={O'Connor, Martin J and Shankar, Ravi D and Musen, Mark A and Das, Amar K and Nyulas, Csongor},
  booktitle={OWLED},
  year={2008}
}

@book{bali2009drools,
  title={Drools JBoss Rules 5.0 Developer's Guide},
  author={Bali, Michal},
  year={2009},
  publisher={Packt Publishing Ltd}
}

@article{guyon2003introduction,
  title={An introduction to variable and feature selection},
  author={Guyon, Isabelle and Elisseeff, Andr{\'e}},
  journal={Journal of machine learning research},
  volume={3},
  number={Mar},
  pages={1157--1182},
  year={2003}
}

@inproceedings{sellami2018frequent,
  title={Frequent Chronicle Mining: Application on Predictive Maintenance},
  author={Sellami, Chayma and Samet, Ahmed and Tobji, Mohamed Anis Bach},
  booktitle={2018 17th IEEE International Conference on Machine Learning and Applications (ICMLA)},
  pages={1388--1393},
  year={2018},
  organization={IEEE}
}

@inproceedings{wang2004ontology,
  title={Ontology Based Context Modeling and Reasoning using OWL.},
  author={Wang, Xiaohang and Zhang, Daqing and Gu, Tao and Pung, Hung Keng and others},
  booktitle={Percom workshops},
  volume={18},
  pages={22},
  year={2004},
  organization={Citeseer}
}

@inproceedings{yan2003clospan,
  title={CloSpan: Mining: Closed sequential patterns in large datasets},
  author={Yan, Xifeng and Han, Jiawei and Afshar, Ramin},
  booktitle={Proceedings of the 2003 SIAM international conference on data mining},
  pages={166--177},
  year={2003},
  organization={SIAM}
}

@article{maleki2018ontology,
  title={Ontology-based framework enabling smart product-service systems: Application of sensing systems for machine health monitoring},
  author={Maleki, Elaheh and Belkadi, Farouk and Boli, Nikoletta and Van Der Zwaag, Berend Jan and Alexopoulos, Kosmas and Koukas, Spyridon and Marin-Perianu, Mihai and Bernard, Alain and Mourtzis, Dimitris},
  journal={IEEE Internet of Things Journal},
  volume={5},
  number={6},
  pages={4496--4505},
  year={2018},
  publisher={IEEE}
}

@article{gruber1993translation,
  title={A translation approach to portable ontology specifications},
  author={Gruber, Thomas R},
  journal={Knowledge acquisition},
  volume={5},
  number={2},
  pages={199--220},
  year={1993},
  publisher={Elsevier}
}

@article{horrocks2004swrl,
  title={SWRL: A semantic web rule language combining OWL and RuleML},
  author={Horrocks, Ian and Patel-Schneider, Peter F and Boley, Harold and Tabet, Said and Grosof, Benjamin and Dean, Mike and others},
  journal={W3C Member submission},
  volume={21},
  number={79},
  pages={1--31},
  year={2004}
}

@misc{Dua:2019 ,
author = "Dua, Dheeru and Graff, Casey",
year = "2017",
title = "{UCI} Machine Learning Repository",
url = "http://archive.ics.uci.edu/ml",
institution = "University of California, Irvine, School of Information and Computer Sciences" }

@book{gruber2009ontology,
  title={Ontology},
  author={Gruber, Tom},
  year={2009},
  publisher={Springer}
}

@article{bezdek1984fcm,
  title={FCM: The fuzzy c-means clustering algorithm},
  author={Bezdek, James C and Ehrlich, Robert and Full, William},
  journal={Computers \& Geosciences},
  volume={10},
  number={2-3},
  pages={191--203},
  year={1984},
  publisher={Pergamon}
}

@article{arlot2010survey,
  title={A survey of cross-validation procedures for model selection},
  author={Arlot, Sylvain and Celisse, Alain and others},
  journal={Statistics surveys},
  volume={4},
  pages={40--79},
  year={2010},
  publisher={The author, under a Creative Commons Attribution License}
}

@article{jarvenpaa2019development,
  title={The development of an ontology for describing the capabilities of manufacturing resources},
  author={J{\"a}rvenp{\"a}{\"a}, Eeva and Siltala, Niko and Hylli, Otto and Lanz, Minna},
  journal={Journal of Intelligent Manufacturing},
  volume={30},
  number={2},
  pages={959--978},
  year={2019},
  publisher={Springer}
}

@article{grall2002continuous,
  title={Continuous-time predictive-maintenance scheduling for a deteriorating system},
  author={Grall, Antoine and Dieulle, Laurence and B{\'e}renguer, Christophe and Roussignol, Michel},
  journal={IEEE transactions on reliability},
  volume={51},
  number={2},
  pages={141--150},
  year={2002},
  publisher={IEEE}
}

@article{chandola2009anomaly,
  title={Anomaly detection: A survey},
  author={Chandola, Varun and Banerjee, Arindam and Kumar, Vipin},
  journal={ACM computing surveys (CSUR)},
  volume={41},
  number={3},
  pages={15},
  year={2009},
  publisher={ACM}
}

@inproceedings{dousson1999discovering,
  title={Discovering Chronicles with Numerical Time Constraints from Alarm Logs for Monitoring Dynamic Systems.},
  author={Dousson, Christophe and Duong, Thang Vu},
  booktitle={IJCAI},
  volume={99},
  number={795},
  pages={620--626},
  year={1999}
}

@article{ristoski2016semantic,
  title={Semantic Web in data mining and knowledge discovery: A comprehensive survey},
  author={Ristoski, Petar and Paulheim, Heiko},
  journal={Web semantics: science, services and agents on the World Wide Web},
  volume={36},
  pages={1--22},
  year={2016},
  publisher={Elsevier}
}

@inproceedings{dou2015semantic,
  title={Semantic data mining: A survey of ontology-based approaches},
  author={Dou, Dejing and Wang, Hao and Liu, Haishan},
  booktitle={Proceedings of the 2015 IEEE 9th international conference on semantic computing (IEEE ICSC 2015)},
  pages={244--251},
  year={2015},
  organization={IEEE}
}

@inproceedings{obrst2003ontologies,
  title={Ontologies for semantically interoperable systems},
  author={Obrst, Leo},
  booktitle={Proceedings of the twelfth international conference on Information and knowledge management},
  pages={366--369},
  year={2003},
  organization={ACM}
}

@inproceedings{pei2002mining,
  title={Mining sequential patterns with constraints in large databases},
  author={Pei, Jian and Han, Jiawei and Wang, Wei},
  booktitle={Proceedings of the eleventh international conference on Information and knowledge management},
  pages={18--25},
  year={2002},
  organization={ACM}
}

@misc{noy2001ontology,
  title={Ontology development 101: A guide to creating your first ontology},
  author={Noy, Natalya F and McGuinness, Deborah L and others},
  year={2001},
  publisher={Stanford knowledge systems laboratory technical report KSL-01-05 and~…}
}

@misc{iso133722004condition,
  title={Condition monitoring and diagnostics of machines—Vocabular},
  author={ISO13372, IS},
  year={2004},
  publisher={Obtenido de file:///C:/Users/Kevin\% 20Budiel/AppData/Local/Temp/381912148~…}
}

@article{iso20059000,
  title={9000-Quality management systems--Fundamentals and vocabulary},
  author={ISO, ISO9000},
  journal={Quality management systems, Berlin: Beuth Verlag GmbH},
  pages={22--25},
  year={2005}
}

@article{cao2019towards,
  title={Towards a core ontology for condition monitoring},
  author={Cao, Qiushi and Zanni-Merk, Cecilia and Reich, Christoph},
  journal={Procedia Manufacturing},
  volume={28},
  pages={177--182},
  year={2019},
  publisher={Elsevier}
}

@article{krotzsch2012description,
  title={A description logic primer},
  author={Kr{\"o}tzsch, Markus and Simancik, Frantisek and Horrocks, Ian},
  journal={arXiv preprint arXiv:1201.4089},
  year={2012}
}

@inproceedings{cao2018towards,
  title={Towards an Ontological Representation of Condition Monitoring Knowledge in the Manufacturing Domain.},
  author={Cao, Qiushi and Zanni-Merk, Cecilia and Reich, Christoph},
  booktitle={KEOD},
  pages={310--316},
  year={2018}
}

@inproceedings{cao2018ontologies,
  title={Ontologies for Manufacturing Process Modeling: A Survey},
  author={Cao, Qiushi and Zanni-Merk, Cecilia and Reich, Christoph},
  booktitle={International Conference on Sustainable Design and Manufacturing},
  pages={61--70},
  year={2018},
  organization={Springer}
}

@article{sampaio2009iso,
  title={ISO 9001 certification research: questions, answers and approaches},
  author={Sampaio, Paulo and Saraiva, Pedro and Guimar{\~a}es Rodrigues, Ant{\'o}nio},
  journal={International Journal of Quality \& Reliability Management},
  volume={26},
  number={1},
  pages={38--58},
  year={2009},
  publisher={Emerald Group Publishing Limited}
}

@misc{iso200711783,
  title={11783-Tractors and machinery for agriculture and forestry-Serial control and communications data network-Part 3: Data link layer},
  author={ISO, ISO},
  year={2007},
  publisher={ISO}
}

@book{schreiber2000knowledge,
  title={Knowledge engineering and management: the CommonKADS methodology},
  author={Schreiber, A Th and Schreiber, Guus and Akkermans, Hans and Anjewierden, Anjo and Shadbolt, Nigel and de Hoog, Robert and Van de Velde, Walter and Shadbolt, Nigel R and Wielinga, Bob},
  year={2000},
  publisher={MIT press}
}

@book{kaposi2001systems,
  title={Systems for all},
  author={Kaposi, Agnes and Myers, Margaret},
  year={2001},
  publisher={World Scientific}
}

@incollection{roussey2011introduction,
  title={An introduction to ontologies and ontology engineering},
  author={Roussey, Catherine and Pinet, Francois and Kang, Myoung Ah and Corcho, Oscar},
  booktitle={Ontologies in Urban development projects},
  pages={9--38},
  year={2011},
  publisher={Springer}
}


@INPROCEEDINGS{Moore99,
  AUTHOR =       "R. Moore and J. Lopes",
  TITLE =        "Paper templates",
  BOOKTITLE =    "TEMPLATE'06, 1st International Conference on Template Production",
  YEAR =         "1999",
  publisher =    "SCITEPRESS",
  file = F
}

@BOOK{Smith98,
  AUTHOR =       "J. Smith",
  TITLE =        "The Book",
  PUBLISHER =    "The publishing company",
  YEAR =         "1998",
  address =      "London",
  edition =      "2nd",
  file = F
}


@book{rao1996handbook,
  title={Handbook of condition monitoring},
  author={Rao, BKN},
  year={1996},
  publisher={Elsevier}
}

@article{nandi2005condition,
  title={Condition monitoring and fault diagnosis of electrical motors—A review},
  author={Nandi, Subhasis and Toliyat, Hamid A and Li, Xiaodong},
  journal={IEEE transactions on energy conversion},
  volume={20},
  number={4},
  pages={719--729},
  year={2005},
  publisher={IEEE}
}

@inproceedings{papadopoulos2009wind,
  title={Wind turbines' condition monitoring: an ontology model},
  author={Papadopoulos, Panagiotis and Cipcigan, Liana},
  booktitle={Sustainable power generation and supply, 2009. SUPERGEN'09. International conference on},
  pages={1--4},
  year={2009},
  organization={IEEE}
}


@article{schwarzenbach2010mapping,
  title={Mapping the remote condition monitoring architecture},
  author={Schwarzenbach, J and Wilkinson, L and West, M and Pilling, M},
  journal={Research Programme. Rail Safety and Standards Boards (RSSB) LTD. RSSB Core Report},
  year={2010}
}


@article{lee2015cyber,
  title={A cyber-physical systems architecture for industry 4.0-based manufacturing systems},
  author={Lee, Jay and Bagheri, Behrad and Kao, Hung-An},
  journal={Manufacturing Letters},
  volume={3},
  pages={18--23},
  year={2015},
  publisher={Elsevier}
}


@incollection{guizzardi2010using,
  title={Using the unified foundational ontology (UFO) as a foundation for general conceptual modeling languages},
  author={Guizzardi, Giancarlo and Wagner, Gerd},
  booktitle={Theory and Applications of Ontology: Computer Applications},
  pages={175--196},
  year={2010},
  publisher={Springer}
}

@article{gruninger2003process,
  title={The process specification language (PSL) theory and applications},
  author={Gruninger, Michael and Menzel, Christopher},
  journal={AI magazine},
  volume={24},
  number={3},
  pages={63},
  year={2003}
}


@article{garetti2012p,
  title={P-PSO ontology for manufacturing systems},
  author={Garetti, Marco and Fumagalli, Luca},
  journal={IFAC Proceedings Volumes},
  volume={45},
  number={6},
  pages={449--456},
  year={2012},
  publisher={Elsevier}
}

@inproceedings{ameri2006upper,
  title={An upper ontology for manufacturing service description},
  author={Ameri, Farhad and Dutta, Debasish},
  booktitle={ASME 2006 international design engineering technical conferences and computers and information in engineering conference},
  pages={651--661},
  year={2006},
  organization={American Society of Mechanical Engineers}
}

@article{nunez2017ontology,
  title={An ontology-based model for prognostics and health management of machines},
  author={Nu{\~n}ez, David Lira and Borsato, Milton},
  journal={Journal of Industrial Information Integration},
  volume={6},
  pages={33--46},
  year={2017},
  publisher={Elsevier}
}

@article{malekiontology,
  title={Ontology-based framework enabling smart Product-Service Systems: Application of sensing systems for machine health monitoring},
  author={Maleki, Elaheh and Belkadi, Farouk and Boli, Nikoletta and van der Zwaag, Berend Jan and Alexopoulos, Kosmas and Koukas, Spyridon and Marin-Perianu, Mihai and Bernard, Alain and Mourtzis, Dimitris}
}

@incollection{roussey2011introduction,
  title={An introduction to ontologies and ontology engineering},
  author={Roussey, Catherine and Pinet, Francois and Kang, Myoung Ah and Corcho, Oscar},
  booktitle={Ontologies in Urban Development Projects},
  pages={9--38},
  year={2011},
  publisher={Springer}
}

@article{compton2012ssn,
  title={The SSN ontology of the W3C semantic sensor network incubator group},
  author={Compton, Michael and Barnaghi, Payam and Bermudez, Luis and Garc{\'\i}A-Castro, Ra{\'u}L and Corcho, Oscar and Cox, Simon and Graybeal, John and Hauswirth, Manfred and Henson, Cory and Herzog, Arthur and others},
  journal={Web semantics: science, services and agents on the World Wide Web},
  volume={17},
  pages={25--32},
  year={2012},
  publisher={Elsevier}
}

@misc{iso2012condition,
  title={Condition monitoring and diagnostics of machines--Vocabulary},
  author={ISO},
  journal={ISO 13372},
  year={2012}
}

@article{iso20059000,
  title={9000: 2005},
  author={ISO, EN},
  journal={Quality management systems-Fundamentals and vocabulary (ISO 9000: 2005)},
  pages={1},
  year={2005}
}

@article{iso20009001,
  title={9001: 2008 Quality management systems. Requirements},
  author={ISO, BSEN},
  journal={International Organization for Standardization},
  year={2000}
}

@book{schreiber2000knowledge,
  title={Knowledge engineering and management: the CommonKADS methodology},
  author={Schreiber, Guus},
  year={2000},
  publisher={MIT press}
}

@book{kaposi2001systems,
  title={Systems for all},
  author={Kaposi, Agnes and Myers, Margaret},
  year={2001},
  publisher={World Scientific Publishing Company}
}

@book{stevens2016engineering,
  title={Engineering mega-systems: The challenge of systems engineering in the information age},
  author={Stevens, Renee},
  year={2016},
  publisher={CRC Press}
}



@book{klir1995fuzzy,
  title={Fuzzy sets and fuzzy logic},
  author={Klir, George and Yuan, Bo},
  volume={4},
  year={1995},
  publisher={Prentice hall New Jersey}
}


@inproceedings{el2017using,
  title={Using the Unified Foundational Ontology (UFO) for Grounding Legal Domain Ontologies},
  author={El Ghosh, Mirna and Naja, Hala and Abdulrab, Habib and Khalil, Mohamad},
  booktitle={9th International Conference on Knowledge Engineering and Ontology Development},
  year={2017}
}

@inproceedings{o2010method,
  title={A method for representing and querying temporal information in OWL},
  author={O’Connor, Martin J and Das, Amar K},
  booktitle={International Joint Conference on Biomedical Engineering Systems and Technologies},
  pages={97--110},
  year={2010},
  organization={Springer}
}

@incollection{roussey2011introduction,
  title={An introduction to ontologies and ontology engineering},
  author={Roussey, Catherine and Pinet, Francois and Kang, Myoung Ah and Corcho, Oscar},
  booktitle={Ontologies in Urban development projects},
  pages={9--38},
  year={2011},
  publisher={Springer}
}

@article{goel2009structure,
  title={Structure, behavior, and function of complex systems: The structure, behavior, and function modeling language},
  author={Goel, Ashok K and Rugaber, Spencer and Vattam, Swaroop},
  journal={Ai Edam},
  volume={23},
  number={1},
  pages={23--35},
  year={2009},
  publisher={Cambridge University Press}
}






















